2625 3834
289 229 373 289 ΠΒ.
402 228 447 304 Ῐ.Ι
475 227 565 288 CAP.
596 226 965 286 XXXIV-XXXVIII.
1088 243 1122 283 21

5 405 32 473 t·
137 399 248 440 merces
275 391 518 456 commeatusque
545 382 585 440 ad
613 379 802 441 obsidionem
830 379 919 452 urbis,
948 378 973 438 si
1000 377 1124 449 accidat,

136 488 292 536 reservant.
336 477 453 551 Quibus
472 475 583 535 iniuriis
604 487 755 553 permotus
780 478 891 536 Caesar
915 473 1045 551 legiones
1068 485 1160 547 trcs4

137 567 301 632 Massiliam
328 572 465 648 adducit3
499 584 591 632 turres
618 573 779 649 vineasque
806 574 845 632 ad
873 570 1125 649 oppugnationem

135 669 216 727 urbis
237 672 331 745 agere,
347 689 437 730 naves
458 672 561 746 longas
584 672 703 730 Arelate
724 689 847 751 numero
868 687 914 728 xn
935 671 1031 730 facere
1046 669 1125 729 insti·

136 761 198 822 tuit
242 764 358 838 Quibus
386 763 497 824 effectis
524 763 703 842 armatisque
728 765 832 825 diebus
856 783 932 837 xxx,
954 784 973 823 a
995 784 1056 840 qua
1077 764 1157 840 die5

136 858 257 918 materia
278 879 363 920 caesa
386 871 439 932 est,
461 861 656 936 adductisque
682 859 854 932 Massiliam,
875 860 921 918 his
944 863 982 919 D.
1005 863 1125 918 Brutum

136 955 275 1031 praeficit,
297 959 331 1017 C.
356 957 539 1017 Trebonium
559 959 689 1034 legatum
710 959 750 1018 ad
770 960 1026 1035 oppugnationem
1048 961 1126 1017 Mas-

137 1053 376 1131 siliaerelinquit.
982 1130 984 1137 ,

195 1154 356 1212 XXXVII.
399 1155 480 1212 Dum
500 1153 575 1213 haec
595 1163 679 1230 parat
699 1162 790 1230 atque
804 1146 998 1226 administrat,
1017 1155 1051 1214 C.
1073 1155 1125 1213 Fa·
1143 1174 1156 1212 1

136 1248 217 1308 bium
231 1250 359 1326 legatum
373 1269 439 1308 cum
461 1248 626 1326 legionibus
646 1267 693 1324 111,
707 1270 781 1326 quas
796 1253 939 1311 Narbone
957 1249 1126 1326 circumque

137 1365 172 1405 ea
193 1348 260 1406 loca
283 1346 435 1406 hiemandi
459 1365 549 1406 causa
573 1345 770 1422 disposuerat,
791 1348 824 1404 in
845 1346 1025 1423 Hispaniam
1045 1367 1126 1424 prae-

136 1442 225 1504 mittit
244 1444 434 1520 celeriterque
454 1446 545 1505 saltus
566 1447 733 1520 Pyrenaeos
753 1443 891 1520 occupari
909 1446 999 1516 iubet,
1018 1445 1069 1520 qui
1088 1464 1125 1504 eo

136 1550 269 1616 tempore
285 1542 323 1599 ab
343 1543 376 1600 L.
397 1539 517 1599 Afranio
535 1542 633 1616 legato
651 1539 806 1616 praesidiis
820 1531 1004 1600 tenebantur.
1047 1540 1126 1600 Reli·
1141 1560 1157 1596 2
1206 1592 1208 1595 .

135 1655 208 1711 quas
235 1636 375 1711 legioneS,
403 1655 479 1712 quae
506 1635 623 1712 longius
650 1635 831 1709 hiemabant,
859 1635 1001 1710 subsequi
1034 1635 1123 1695 iubet.

137 1731 254 1806 Fabius,
273 1743 307 1793 ut
327 1743 388 1793 erat
409 1732 595 1809 imperatum,
617 1731 751 1790 adhibita
775 1730 924 1791 celeritate
947 1729 1157 1807 praesidium3

136 1845 173 1886 ex
192 1830 269 1887 saltu
290 1827 397 1888 deiecit
416 1826 591 1903 magnisque
612 1816 766 1886 itineribus
785 1827 825 1885 ad
839 1825 998 1886 exercitum
1012 1826 1125 1886 Afranii

136 1924 296 1984 contendit.
761 1969 764 1974 -

195 2023 373 2081 XXXVIII.
416 2023 556 2081 Adventu
572 2023 605 2080 L.
621 2019 745 2080 Vibullii
757 2021 836 2092 Rufi,
848 2038 939 2097 quem
950 2040 968 2080 a
979 2021 1124 2098 Pompeio
1142 2042 1155 2081 1

121 2117 257 2201 ,missum
291 2118 321 2176 in
357 2117 536 2194 Hispaniam
571 2117 808 2177 demonstratum
827 2128 896 2190 est,
925 2117 1061 2178 Afranius
1096 2131 1125 2179 et

137 2216 267 2276 Petreius
284 2226 313 2275 et
331 2218 433 2290 Varro,
449 2216 537 2292 legati
558 2216 692 2292 Pompei,
708 2236 834 2293 quorum
850 2236 926 2277 unus
946 2217 1124 2294 Hispaniam

135 2312 299 2373 citeriorem
324 2315 417 2372 tn'bus
441 2315 601 2390 legam'bas,
625 2316 702 2373 alter
724 2316 885 2374 ulteriorem
915 2335 934 2373 a
955 2316 1031 2375 saltu
1056 2318 1125 2376 Cas-

136 2411 281 2470 tulonensi
309 2412 347 2469 ad
374 2412 471 2478 Anam
500 2411 616 2470 duabus
647 2411 822 2488 legionibus,
850 2411 953 2471 tertius
986 2415 1024 2472 ab
1059 2417 1126 2474 Ana

135 2511 299 2568 Vettonum
326 2528 428 2584 agrurn
457 2508 701 2584 Lusitaniamque
728 2509 791 2584 pari
818 2528 941 2568 numero
974 2510 1125 2586 legionum

135 2604 298 2677 obtinebat,
330 2603 426 2664 officia
461 2604 535 2664 inter
570 2625 602 2664 se
636 2604 810 2681 partiuntur,
844 2603 887 2663 uti
923 2605 1054 2666 Petreius
1089 2627 1158 2666 exa

39 2755 43 2761 .
74 2725 76 2729 ¹
136 2699 287 2761 Lusitania
307 2721 359 2777 per
378 2704 525 2761 Vettones
547 2721 616 2760 cum
637 2701 775 2762 omnibus
796 2701 890 2779 copiis
911 2703 950 2762 ad
971 2704 1126 2768 Afranium

135 2798 343 2876 proficiscatur,
372 2799 466 2858 Varro
498 2818 565 2858 cum
597 2800 648 2870 eis,
681 2819 756 2875 quas
786 2799 926 2872 habebat,
960 2800 1125 2878 legionibus

135 2915 256 2955 omnem
283 2895 451 2957 ulteriorem
480 2895 660 2972 Hispaniam
689 2907 811 2955 tueatur.
858 2896 914 2956 His
942 2900 1030 2957 rebus
1057 2917 1159 2974 con-3

135 2990 244 3051 stitutis
264 2991 379 3067 equites
399 2991 565 3066 auxiliaque
586 2989 641 3050 toti
663 2989 832 3050 Lusitaniae
853 3011 871 3050 a
892 2992 1017 3064 Petreio,
1038 2993 1126 3053 Celti-

135 3087 243 3160 beriae,
265 3086 421 3148 Cantabris
445 3086 637 3162 barbarisque
660 3086 808 3158 omnibus,
834 3086 886 3162 qui
907 3089 947 3146 ad
972 3090 1124 3148 Oceanum

135 3181 292 3259 pertinent,
311 3183 348 3242 ab
364 3181 487 3242 Afranio
505 3182 693 3258 imperantur.
738 3181 854 3255 Quibus
869 3183 979 3242 coactis
993 3182 1125 3242 celeriter
1139 3201 1159 3255 4

136 3278 269 3339 Petreius
283 3298 335 3355 per
349 3282 494 3340 Vettones
509 3279 546 3338 ad
563 3277 715 3337 Afranium
729 3278 871 3354 pervenit,
882 3280 1125 3351 constituuntque

135 3373 289 3435 communi
310 3372 434 3432 consilio
456 3375 568 3432 bellum
588 3375 628 3433 ad
654 3375 782 3434 Ilerdam
806 3384 927 3450 propter
952 3370 1042 3446 ipsius
1065 3369 1123 3427 loci

135 3469 388 3548 opportunitatem
402 3488 509 3547 gerere.
