2625 3834
339 225 479 282 arar
526 226 616 285 cmv.
647 226 985 285 Lunx-arrum
1123 245 1161 302 43

169 389 262 439 tatum
277 399 398 440 omnem
408 383 565 441 convenire
579 380 670 454 iubet,
685 381 780 440 aciem
800 380 916 441 instruit
924 403 933 456 ;
954 391 1057 441 contra
1069 379 1162 457 opini-

168 497 257 536 onem
285 476 364 536 enim
392 477 518 538 militum
545 480 715 556 famamque
742 480 877 540 omnium
899 478 993 539 videri
1016 478 1162 557 proelium

168 573 314 649 defugisse
346 595 486 652 magnum
516 576 727 636 detrimentum
757 578 906 639 afferebat.
962 577 1021 636 Sed
1047 573 1193 651 eisdem3

168 671 273 746 causis,
301 692 378 749 quae
405 685 473 734 sunt
500 675 646 752 cognitae,
676 695 737 752 quo
767 675 864 735 minus
892 675 1031 736 dimicare
1063 676 1160 747 vellet,

169 769 350 844 movebatur,
371 782 460 849 atque
487 773 546 832 hoc
573 773 662 832 etiarn
690 773 793 851 magis,
815 775 897 850 quod
925 772 1012 849 spatii
1035 771 1161 833 brevitas

169 865 257 926 etiam
278 866 309 926 in
330 869 428 946 lugam
448 869 589 930 conlectis
610 870 783 930 adversariis
804 890 865 931 non
887 871 1012 928 multum
1031 871 1071 929 ad
1085 889 1161 929 sum-

169 981 249 1022 mam
268 962 406 1025 victoriae
424 964 524 1026 iuvare
542 975 667 1042 poterat.
710 969 781 1027 Non
802 965 881 1026 enim
903 965 1029 1042 amplius
1049 966 1194 1042 pedunr4

169 1058 288 1120 milibus
315 1063 431 1122 duobus
457 1063 497 1121 ab
523 1061 625 1122 castris
653 1073 748 1122 castra
775 1063 931 1124 distabant.
975 1060 1056 1123 Hinc
1087 1065 1161 1124 duas

169 1166 265 1231 partes
280 1156 356 1218 acies
375 1162 562 1235 occupabant
578 1160 674 1233 duae,
695 1159 780 1219 tertia
797 1160 929 1232 vacabat,
947 1161 987 1220 ad
1007 1158 1156 1219 incursum

169 1263 258 1327 atque
272 1253 415 1331 impetum
430 1254 557 1315 militum
570 1255 680 1315 relicta.
712 1255 744 1315 Si
757 1254 902 1331 proelium
918 1257 1158 1329 committeretur,
1176 1274 1191 1334 5

169 1352 371 1430 propinquitas
390 1367 549 1416 castrorum
567 1357 693 1416 celerem
710 1354 853 1431 superatis
873 1375 910 1415 ex
928 1357 996 1432 luga
1010 1366 1159 1432 receptum

169 1452 265 1511 dabat.
311 1454 379 1512 Hac
396 1454 434 1513 de
450 1473 539 1514 causa
556 1452 749 1513 constituerat
765 1452 849 1528 signa
866 1451 1060 1513 inserentibus
1078 1451 1161 1513 resis-

168 1561 237 1625 tere,
254 1548 333 1625 prior
346 1549 459 1627 proelio
473 1570 534 1611 non
548 1552 701 1610 lacessere.

229 1649 405 1706 LXXXIII.
449 1647 537 1709 Acies
558 1660 619 1708 erat
640 1646 801 1707 Afraniana
821 1647 934 1722 duplex
957 1646 1107 1724 legionum
1131 1665 1158 1720 v,
1177 1666 1190 1707 1

168 1743 286 1804 tertium
313 1743 343 1803 in
377 1743 514 1805 subsidiis
542 1747 640 1805 locum
668 1745 775 1805 alariae
803 1744 940 1805 cohortes
967 1744 1160 1818 obtinebant;

169 1840 303 1901 Caesaris
321 1839 428 1918 triplex
437 1863 446 1915 ;
467 1843 520 1902 sed
537 1841 662 1918 primam
682 1840 777 1900 aciem
795 1853 956 1918 quaternae
975 1841 1111 1902 cohortes
1125 1860 1191 1901 exa

167 1957 186 1995 v
199 1936 365 2014 legionibus
379 1940 529 2006 tenebant,
544 1937 597 1996 has
611 1935 802 1997 subsidiariae
816 1947 917 1996 ternae
930 1948 960 1997 et
973 1956 1072 1995 rursus
1085 1935 1160 1996 aliae

168 2033 292 2094 totidem
313 2053 383 2094 suae
407 2034 550 2110 cuiusque
573 2031 698 2110 legionis
721 2036 994 2109 subsequebantur;
1021 2033 1161 2110 sagittarii

167 2131 388 2207 funditoresque
415 2130 515 2190 media
541 2130 769 2191 continebantur
795 2132 867 2204 acie,
896 2131 1042 2208 equitatus
1070 2135 1161 2192 latera

167 2228 311 2306 cingebat.
353 2228 421 2288 Tali
447 2228 589 2288 instructa
615 2227 679 2289 acie
702 2241 804 2291 tenere
827 2241 950 2308 uterque
973 2231 1192 2308 propositum3

167 2324 339 2385 videbatur:
368 2327 486 2398 Caesar,
508 2343 547 2384 ne
568 2324 623 2382 nisi
644 2336 765 2385 coactus
786 2328 929 2402 proelium
953 2327 1160 2400 committeret,

170 2415 227 2489 ille,
249 2428 281 2476 ut
305 2437 396 2494 opera
419 2418 553 2478 Caesaris
577 2419 739 2495 impediret.
784 2420 958 2479 Producitur
984 2431 1084 2480 tamen
1107 2437 1161 2492 reS,

165 2517 304 2592 aciesque
331 2515 370 2575 ad
397 2512 468 2574 solis
495 2533 634 2575 occasum
659 2514 864 2588 continentur;
893 2515 963 2574 inde
987 2515 1104 2590 utrique
1127 2515 1158 2575 in

166 2619 261 2668 castra
279 2607 445 2667 discedunt
489 2608 612 2666 Postero
629 2606 679 2666 die
693 2606 873 2666 munitiones
888 2606 1035 2667 institutas
1049 2610 1159 2668 Caesar
1172 2629 1191 2682 4

166 2716 251 2780 parat
277 2705 434 2781 perlicere;
461 2702 503 2762 illi
530 2704 639 2763 vadum
668 2703 796 2762 fluminis
823 2703 932 2763 Sicoris
959 2713 1111 2780 temptare,
1133 2705 1159 2764 si

166 2800 288 2861 transire
308 2811 440 2877 possent.
483 2800 551 2876 Qua
574 2819 606 2860 re
629 2799 834 2860 animadversa
859 2801 970 2860 Caesar
993 2802 1189 2880 Germanos5

165 2898 238 2958 levis
257 2908 421 2957 armaturae
441 2895 634 2972 equitumque
655 2908 768 2973 partem
788 2898 900 2957 flumen
920 2897 1016 2958 traicit
1034 2901 1161 2960 crebras·

101 3047 107 3056 .
166 3013 224 3070 que
238 2993 269 3053 in
284 2993 354 3070 ripis
367 2992 516 3053 custodias
531 2993 670 3070 disponit

225 3094 396 3151 LXXXIV.
437 3091 575 3151 Tandem
600 3090 738 3150 omnibus
761 3092 848 3149 rebus
875 3091 997 3165 obsessi,
1023 3103 1188 3168 quartumr

165 3188 224 3248 iam
245 3190 325 3249 diem
346 3188 409 3249 sine
430 3188 542 3265 pabulo
566 3189 687 3248 retentis
708 3188 856 3260 iumentis,
877 3208 981 3264 aquae,
1004 3190 1158 3266 lignorum,

165 3285 303 3345 frumenti
330 3284 438 3362 inopia,
460 3283 642 3360 colloquium
666 3295 781 3360 petunt,
805 3295 834 3344 et
861 3284 900 3356 id,
923 3285 947 3343 si
971 3285 1032 3344 fieri
1056 3285 1157 3360 possit,

165 3394 281 3442 semoto
301 3403 320 3442 a
339 3381 481 3443 militibus
501 3384 577 3442 loco.
621 3382 685 3442 Ubi
709 3383 780 3441 ida
804 3384 929 3441 Caesare
953 3390 1093 3454 negatum
1118 3392 1189 3449 et‚2

166 3481 263 3556 palam
279 3480 303 3538 si
322 3482 452 3558 colloqui
467 3481 584 3553 vellent,
600 3498 775 3539 concessum
798 3487 850 3546 est,
865 3477 952 3534 datur
965 3473 1077 3531 obsidis
1090 3475 1158 3532 loco
