2625 3834
432 210 573 268 arar.
621 208 711 268 cna
742 208 904 265 xer-a.
1131 224 1166 282 27

176 357 313 430 cooritur,
328 367 361 417 ut
381 354 544 431 numquam
565 354 621 414 illis
642 355 716 414 locis
737 353 863 414 maiores
883 373 974 430 aquas
992 354 1082 415 fuisse
1100 374 1168 432 ¹con-

177 462 273 514 staret.
315 455 394 512 Turn
419 462 519 511 autem
547 470 584 510 ex
612 449 751 509 omnibus
776 450 927 508 montibus
950 448 1032 528 nives
1060 450 1200 527 proluita

176 569 212 610 ac
232 568 362 610 summas
381 549 458 625 ripas
472 545 601 606 fluminis
623 543 772 622 superavit
793 555 961 621 pontesque
979 547 1077 618 ambo,
1093 567 1169 623 quos

177 647 211 707 C.
236 643 345 706 Fabius
369 646 486 717 fecerat,
510 663 571 704 uno
595 643 644 702 die
666 641 828 719 interrupit.
872 643 959 716 Quae
978 663 1024 702 res
1048 664 1200 722 magnas3

177 741 363 801 difficultates
377 739 517 800 exercitui
532 737 667 799 Caesaris
682 738 786 798 attulit
817 740 922 798 Castra
935 739 1024 812 enim,
1035 749 1068 798 ut
1082 760 1169 816 supra

177 840 411 899 demonstratum
425 849 479 911 est,
494 857 564 897 cum
579 848 678 926 esseut
693 837 769 896 inter
783 837 905 894 flumina
920 837 988 908 duo,
1004 835 1124 895 Sicorim
1140 850 1169 897 et

178 936 313 1014 Cingam,
323 935 420 1012 spatio
431 933 544 994 milium
555 953 633 1007 xxx,
644 936 781 994 neutrum
795 936 900 994 horum
914 934 1030 993 transiri
1044 945 1168 1010 poterat,

177 1031 402 1109 necessarioque
423 1051 528 1092 omnes
549 1031 594 1090 his
619 1029 761 1108 angustiis
785 1029 1021 1090 continebantur.
1064 1033 1203 1106 Neque4

177 1129 406 1206 civitatesquae
419 1129 457 1188 ad
466 1130 603 1189 'Caesaris
615 1117 777 1189 amicitiam
789 1138 982 1200 accesserant,
993 1129 1169 1188 frumentum

178 1240 360 1305 supportare,
373 1248 471 1305 neque
483 1228 520 1302 ei,
532 1227 583 1305 qui
598 1229 772 1304 pabulatum
787 1226 904 1304 longius
918 1226 1064 1303 progressi
1077 1237 1169 1300 erant,

178 1325 328 1386 interclusi
344 1324 515 1386 fluminibus
529 1325 644 1397 reverti,
661 1344 758 1400 neque
778 1323 897 1383 maximi
914 1334 1107 1394 commeatus,
1119 1323 1170 1399 qui

179 1442 216 1483 ex
234 1425 322 1483 Italia
335 1423 492 1501 Galliaque
511 1423 681 1494 veniebant,
696 1422 728 1480 in
744 1431 841 1480 castra
858 1419 1010 1497 pervenire
1024 1430 1168 1496 poterant.

180 1523 313 1596 Tempus
335 1530 396 1580 erat
417 1531 517 1580 autern
538 1518 753 1590 difficillimum,
775 1537 835 1592 quo
856 1536 954 1591 neque
974 1518 1121 1576 frumenta
1139 1516 1202 1592 in5
1266 1562 1269 1567 i

163 1609 309 1679 ibibernis
321 1610 418 1693 lerant
445 1636 543 1693 neque
576 1618 703 1674 multum
735 1634 753 1673 a
781 1612 950 1672 maturitate
978 1615 1107 1684 aberant,
1135 1633 1172 1672 ac

179 1697 321 1776 *civitates
331 1714 507 1785 exinanitae,
523 1713 606 1790 quod
623 1710 764 1770 Afranius
780 1729 876 1785 paene
890 1729 980 1768 omne
993 1710 1170 1769 frumentum

180 1822 248 1872 ante
264 1810 398 1872 Caesaris
412 1811 572 1871 adventurn
589 1809 718 1868 Ilerdam
734 1816 921 1878 convexerat,
936 1803 1041 1882 reliqui
1058 1805 1083 1865 si
1099 1806 1171 1881 quid

180 1909 283 1981 fuerat,
305 1909 415 1969 Caesar
438 1907 637 1985 superioribus
659 1905 765 1966 diebus
787 1913 1027 1980 consumpserat3
1054 1907 1204 1978 pecora‚6

180 2006 261 2081 quod
285 2005 449 2065 secundum
475 2013 592 2081 poterat
618 2023 682 2063 esse
706 2000 825 2078 inopiae
851 1999 1027 2070 subsidium,
1052 2010 1173 2076 propter

180 2103 291 2161 bellum
312 2102 455 2162 finitimae
475 2101 608 2162 civitates
629 2099 747 2177 longius
768 2109 964 2158 removerant.
1006 2096 1067 2172 Qui
1090 2109 1203 2173 erant7

180 2198 342 2274 pabulandi
361 2209 412 2258 aut
427 2197 627 2258 frumentandi
646 2217 738 2256 causa
756 2193 911 2273 progressi,
925 2196 981 2254 hos
995 2186 1068 2252 levis'
1081 2214 1172 2253 arma·

180 2305 262 2355 turae
283 2295 418 2360 Lusitani
438 2295 584 2372 peritique
606 2315 707 2354 earum
729 2294 883 2370 regionum
907 2291 1010 2352 cetrati
1030 2291 1172 2351 citerioris

182 2391 349 2468 Hispaniae
376 2371 643 2465 consectaba‘ntur3
672 2391 781 2467 quibus
808 2401 870 2449 erat
897 2389 1028 2466 proclive
1058 2400 1172 2448 tranare

180 2489 299 2560 flumen,
329 2490 411 2565 quod
443 2477 629 2549 consuetudo
662 2507 765 2549 eorum
798 2487 933 2547 omnium
960 2497 1013 2559 est,
1042 2497 1075 2545 ut
1108 2485 1172 2544 sine

180 2585 292 2643 utribus
307 2586 345 2643 ad
360 2585 521 2646 exercitum
536 2605 597 2645 non
612 2596 690 2646 eant.
843 2647 846 2650 ,

241 2685 351 2742 XLIX.
396 2687 437 2743 At
452 2681 596 2743 exercitus
610 2682 723 2742 Afranii
742 2681 877 2741 omnium
892 2698 988 2742 rerum
1002 2680 1172 2740 abundabat
1189 2700 1202 2738 1

180 2777 274 2853 copia
321 2777 450 2838 Multum
479 2791 540 2839 erat
564 2781 744 2838 frumentum
769 2775 920 2855 provisum
945 2786 974 2836 et
998 2789 1173 2837 convectum

181 2871 381 2947 superioribus
395 2874 585 2950 temporibus
595 2874 721 2931 multum
733 2891 770 2932 ex
781 2871 863 2930 omni
875 2870 1026 2948 provincia
1039 2891 1172 2947 compor-

180 2971 310 3042 tabatur3
331 2989 440 3045 magna
456 2970 545 3047 copia
562 2970 664 3046 pabuli
678 2971 863 3046 suppetebat
908 2970 1024 3028 Harum
1039 2970 1171 3029 omnium
1188 2989 1205 3027 2

180 3087 276 3128 rerum
298 3055 453 3128 facultates
472 3069 536 3129 sine
554 3070 616 3128 ullo
633 3070 766 3145 periculo
782 3087 858 3144 pons
877 3068 993 3127 Ilerdae
1012 3069 1172 3144 praebebat

181 3177 212 3225 et
229 3168 297 3226 loca
315 3176 394 3225 trans
414 3167 525 3226 flumen
539 3165 660 3266 integra,
677 3185 739 3242 quo
753 3165 878 3225 omnino
893 3155 1003 3226 Caesar
1016 3165 1097 3224 adire
1111 3182 1171 3223 non

123 3301 124 3308 κ
180 3273 303 3339 poterat.
998 3306 1000 3309 .

244 3360 277 3418 L.
321 3359 390 3416 Hae
411 3366 634 3432 permanserunt
654 3376 750 3432 aquae
770 3357 835 3416 dies
859 3356 1033 3428 complures.
1076 3352 1204 3408 Cona-1

182 3460 292 3513 tusest
311 3453 421 3511 Caesar
439 3453 559 3512 reficere
575 3461 690 3527 pontes,
706 3452 759 3510 sed
778 3469 835 3510 nec
853 3447 1025 3524 magnitudo
1044 3442 1171 3500 fluminis
