2625 3834
341 213 425 269 LIB.
455 214 481 269 I.
528 213 619 270 CAP.
649 212 714 268 XX
719 210 898 268 VI—XXX.
1083 225 1116 280 17

128 381 219 422 naves
237 382 305 420 cum
324 359 472 433 militibus,
490 381 567 436 quae
587 363 627 420 ad
648 364 743 420 moles
764 359 900 421 Caesaris
916 362 1120 431 adhaeserant,

129 457 247 535 scaphis
261 457 453 532 lintribusque
468 457 696 533 reprehendunt,
711 457 904 531 reprehensas
917 453 1076 530 excipiunt.

190 555 306 612 XXIX.
363 555 481 626 Caesar,
516 552 572 612 etsi
606 553 645 612 ad
680 571 765 629 spem
798 550 977 610 conficiendi
1012 549 1152 627 negotiir

130 650 257 709 maxime
281 652 427 726 probabat
450 650 561 709 coactis
586 649 711 709 navibus
735 668 816 709 mare
839 647 961 709 transire
985 658 1014 708 et
1038 652 1124 708 Pom·

130 746 232 823 peium
252 747 345 823 sequi,
360 747 531 824 priusquam
550 746 599 807 ille
618 766 684 807 sese
704 737 904 806 transmarinis
923 745 1037 804 auxiliis
1056 767 1124 806 con-

132 846 268 918 firmaret,
284 854 383 904 tamen
403 843 465 903 eius
480 843 522 904 rei
536 863 650 903 moram
665 843 866 920 temporisque
880 840 1124 918 longinquitatem

132 941 265 1014 timebat,
290 942 373 1017 quod
401 941 540 1002 omnibus
568 941 680 1001 coactis
707 941 832 1000 navibus
861 939 1021 1016 Pompeius
1044 959 1124 1017 prae·

133 1049 249 1097 sentem
264 1039 433 1098 facultatem
447 1037 624 1115 insequendi
639 1037 683 1097 sui
700 1038 858 1097 ademerat.
882 1036 1124 1112 Relinquebatur,
1141 1057 1157 1096 a

134 1147 167 1195 ut
194 1155 229 1196 ex
256 1134 512 1214 longinquioribus
539 1134 709 1212 regionibus
733 1136 848 1196 Galliae
870 1133 1032 1209 Picenique
1055 1145 1126 1194 eta

134 1233 208 1290 freto
229 1251 318 1290 naves
339 1241 438 1292 essent
460 1225 686 1308 exspectandae.
723 1232 761 1291 Id
781 1240 903 1308 propter
919 1230 990 1290 anni
1008 1242 1127 1309 tempus

134 1330 256 1406 longum
290 1340 379 1404 atque
412 1327 588 1405 impeditum
623 1327 786 1389 videbatur.
844 1331 962 1389 Interea
998 1341 1159 1406 veteremg

134 1423 303 1497 exercitum,
325 1425 399 1484 duas
421 1421 583 1500 Hispanias
607 1422 782 1496 confirmari,
804 1443 928 1500 quarum
952 1436 1013 1484 erat
1036 1427 1128 1485 altera

135 1521 268 1580 maximis
300 1519 451 1582 beneficiis
485 1519 611 1596 Pompei
643 1521 791 1592 devincta,
819 1519 935 1592 auxilia,
963 1520 1127 1596 equitatum

135 1617 238 1696 parari,
261 1618 389 1679 Galliam
410 1618 589 1694 Italiamque
610 1618 750 1694 temptari
771 1637 803 1677 se
824 1619 947 1677 absente
967 1620 1096 1679 nolebat.

190 1718 287 1774 XXX.
331 1719 436 1793 Itaque
454 1716 486 1775 in
500 1713 668 1793 praesentia
681 1715 806 1792 Pompei
822 1714 965 1791 sequendi
983 1716 1128 1776 rationem
1145 1739 1158 1776 1

136 1810 254 1885 omittit,
268 1809 299 1870 in
314 1810 494 1888 Hispaniam
508 1809 654 1888 proficisci
669 1809 840 1885 constituit,
862 1811 1022 1871 duumviris
1036 1815 1129 1872 muni·

136 1911 280 1989 cipiorum
295 1910 428 1972 omnium
441 1910 575 1988 imperat,
588 1920 620 1970 ut
634 1930 724 1970 naves
739 1909 915 1988 conquirant
929 1911 1128 1971 Brundisium-

137 2025 195 2080 que
215 2004 406 2064 deducendas
425 2015 536 2066 curent
581 2004 677 2064 Mittit
694 2005 726 2064 in
744 2005 911 2066 Sardiniam
930 2025 998 2065 cum
1012 2006 1129 2084 legione
1145 2027 1160 2065 2

127 2099 197 2161 'una
214 2099 364 2161 Valerium
385 2103 524 2178 legatum,
545 2102 576 2161 in
595 2101 725 2162 Siciliam
744 2102 906 2164 Curionem
924 2117 1129 2181 propraetore

138 2216 206 2255 cum
226 2195 393 2273 legionibus
415 2212 458 2268 113
478 2197 616 2269 eundem,
639 2217 709 2257 curn
730 2197 858 2259 Siciliam
879 2199 1046 2275 recepisset,
1066 2220 1130 2278 pro·

138 2291 216 2351 tinus
243 2291 274 2350 in
301 2290 431 2350 Africam
459 2293 612 2353 traducere
640 2293 802 2354 exercitum
833 2293 923 2356 iubet.
966 2295 1129 2356 Sardiniam

139 2387 292 2449 obtinebat
319 2391 363 2446 M.
393 2390 491 2461 Cotta,
521 2388 649 2450 Siciliam
680 2395 723 2451 M.
754 2395 850 2468 Cato;
889 2392 1020 2452 Africam
1052 2404 1130 2454 sorte

139 2488 258 2546 Tubero
273 2485 406 2546 obtinere
420 2487 556 2547 debebat.
593 2488 763 2562 Caralitani,
779 2488 865 2549 simul
879 2492 918 2550 ad
932 2510 964 2550 se
980 2490 1131 2549 Valerium
1145 2510 1163 2567 3

139 2582 216 2642 mitti
242 2583 405 2656 audierunt,
432 2586 567 2645 nondum
599 2589 735 2664 profecto
763 2607 799 2647 ex
827 2587 914 2646 Italia
941 2606 994 2646 sua
1023 2598 1131 2661 sponte

140 2678 262 2736 Cottam
282 2695 318 2736 ex
338 2675 451 2753 oppido
472 2675 589 2738 eiciunt.
633 2681 689 2740 Ille
709 2679 887 2756 perterritus,
908 2682 990 2757 quod
1010 2699 1130 2741 omnem

139 2771 322 2850 provinciam
340 2773 507 2834 consentire
525 2773 724 2853 intellegebat,
745 2796 781 2837 ex
799 2776 933 2838 Sardinia
951 2779 983 2836 in
1000 2776 1131 2838 Africam

140 2867 276 2945 profugit
320 2870 396 2931 Cato
417 2868 448 2927 iu
470 2867 569 2929 Sicilia
593 2890 684 2932 naves
708 2874 811 2948 longas
835 2884 948 2934 veteres
972 2874 1164 2949 reficiebat,4

140 2984 233 3024 novas
253 2963 420 3026 civitatibus
441 2965 615 3044 imperabat.
660 2971 746 3028 Haec
769 2989 877 3046 magno
898 2970 996 3030 studio
1016 2974 1129 3048 agebat

143 3065 179 3122 In
194 3061 320 3121 Lucanis
335 3062 514 3138 Bmttiisque
528 3082 580 3139 per
593 3066 706 3141 legatos
720 3084 789 3124 suos
806 3066 914 3127 civium
929 3070 1130 3128 Romanorum

141 3157 267 3218 dilectus
294 3159 432 3232 habebat,
454 3158 586 3236 equiturn
614 3160 809 3240 peditumque
836 3174 948 3224 certum
975 3183 1132 3223 numemm
1157 3193 1161 3201 ⁴

141 3273 160 3314 a
186 3252 352 3314 civitatibus
379 3253 494 3315 Siciliae
517 3255 661 3332 exigebat.
703 3257 820 3332 Quibus
843 3260 930 3319 rebus
954 3276 1048 3334 paene
1070 3275 1133 3332 per·
1145 3270 1162 3331 5

141 3349 226 3410 sectis
247 3349 376 3411 adventu
398 3349 535 3413 Curionis
555 3352 676 3430 cognito
697 3356 827 3429 queritur
846 3355 877 3414 iu
897 3352 1044 3423 contione,
1067 3368 1131 3409 sese

142 3445 307 3524 proiectum
325 3467 361 3508 ac
379 3448 529 3526 proditum
547 3469 566 3508 a
583 3452 639 3512 Cn.
657 3450 810 3527 Pompeio,
825 3449 876 3526 qui
894 3447 1031 3508 omnibus
1045 3447 1131 3504 rebus

224 3574 288 3616 BEL.
306 3577 364 3619 clv.
383 3578 403 3619 1.
1038 3571 1053 3609 2
