2625 3834
163 179 201 250 46
368 182 435 240 DE
463 181 611 240 BELLO
642 181 691 238 CI
694 182 788 239 VILI
809 182 893 240 LIB.
922 184 949 242 I.

131 349 146 390 1
223 334 409 390 LXXXVII.
454 335 564 392 Caesar
591 353 627 392 ex
654 353 691 392 eo
719 343 861 409 tempore,
887 335 959 393 dum
983 335 1021 392 ad
1045 335 1157 394 flumen

162 431 271 486 Varum
290 426 431 499 veniatur,
450 447 481 487 se
500 429 680 488 frumentum
701 430 837 488 daturum
858 430 1019 505 pollicetur.
1062 431 1157 490 Addit

161 523 259 593 etiam,
275 534 315 596 ut,
331 525 414 599 quod
433 523 559 600 quisque
580 543 682 584 eorum
703 525 735 583 in
757 526 835 585 bello
853 525 990 599 amiserit,
1005 546 1081 603 quae
1098 527 1157 586 sint
1258 524 1267 536 ⁴

54 666 57 670 -
161 641 253 697 penes
272 620 379 680 milites
397 639 474 694 suos,
490 620 540 693 eiS,
557 621 608 697 qui
628 623 795 694 amiserant,
811 623 977 683 restituatur
985 648 994 699 3
1015 625 1156 685 militibus

162 737 256 795 aequa
274 719 352 778 facta
370 717 575 778 aestimatione
595 717 753 794 pecuniam
772 739 827 795 pro
846 720 891 779 his
912 722 999 780 rebus
1013 721 1152 781 dissolvit

132 818 373 893 2Quascumque
398 827 502 893 postea
526 815 740 876 controversias
765 817 840 877 inter
864 838 895 878 se
920 817 1026 878 milites
1048 820 1156 880 habue-

129 925 237 988 3runt‚
258 933 310 972 sua
334 924 441 990 sponte
465 915 504 972 ad
528 914 686 973 Caesarem
710 913 741 972 in
765 913 810 972 ius
837 913 979 974 adierunt.
1023 917 1156 976 Petreius

163 1021 251 1086 atque
268 1009 414 1084 Afranius,
432 1029 501 1068 cum
521 1007 702 1086 stipendium
719 1010 758 1069 ab
777 1009 943 1087 legionibus
962 1031 1057 1087 paene
1079 1013 1154 1073 sedi-

166 1105 246 1166 tione
269 1108 347 1166 facta
368 1105 571 1182 flagitaremus
596 1103 681 1162 cuius
705 1101 747 1161 illi
772 1101 852 1162 diem
876 1103 1011 1161 nondum
1036 1103 1151 1164 venisse

161 1199 300 1270 dicerent,
316 1201 427 1260 Caesar
440 1208 472 1257 ut
489 1209 691 1274 cognosceret,
706 1201 902 1274 postularunt,
918 1219 1014 1276 eoque
1029 1201 1154 1278 utrique,

129 1297 243 1371 4quod
263 1294 372 1366 statuit,
394 1295 527 1354 contenti
547 1297 672 1354 fuerunt
718 1299 805 1355 Parte
829 1295 944 1355 circiter
968 1297 1053 1356 tertia
1077 1318 1155 1359 exer·

162 1391 237 1451 citus
264 1410 301 1449 eo
330 1389 424 1449 biduo
455 1389 577 1450 dimissa
604 1391 679 1449 duas
706 1389 838 1467 legiones
870 1411 938 1451 suas
970 1395 1154 1467 antecedere,

162 1487 289 1562 reliquas
308 1485 448 1562 subsequi
467 1483 558 1559 iussit,
573 1497 606 1545 ut
626 1504 688 1545 non
707 1488 798 1562 longo
817 1485 892 1546 inter
906 1506 938 1547 se
952 1488 1047 1564 spatio
1060 1501 1154 1549 castra

162 1584 299 1652 facerent,
314 1579 401 1656 eique
422 1578 542 1656 negotio
563 1579 598 1654 Q.
621 1580 737 1637 Fufium
759 1581 903 1638 Calenum
925 1581 1054 1656 legatum
1073 1602 1154 1658 prae·

131 1697 147 1756 5
163 1677 231 1738 ficit.
275 1679 346 1736 Hoe
365 1675 426 1736 eius
444 1673 623 1752 praescripto
645 1694 682 1733 ex
701 1673 849 1751 Hispania
865 1677 904 1734 ad
918 1677 1029 1734 Varum
1043 1678 1155 1738 flumen

164 1786 208 1835 est
222 1773 277 1835 iter
291 1776 409 1847 sactum,
425 1785 513 1852 atque
527 1773 569 1834 ibi
583 1772 695 1852 reliqua
707 1793 775 1851 pars
789 1773 932 1835 exercitus
947 1773 1068 1834 dimissa
1082 1787 1134 1836 est.
