2625 3834
162 196 180 253 8
447 193 515 248 DE
541 191 691 249 BELLO
721 189 770 248 CI
772 190 865 247 VILI

161 337 319 412 ficiscitur3
352 337 434 413 quod
466 334 611 412 oppidum
645 335 745 394 Attius
773 331 944 395 cohortibus
977 332 1152 393 introductis

160 433 280 492 tenebat
300 431 500 506 dilectumque
521 439 585 490 toto
606 429 718 490 Piceno
741 426 949 489 circummissis
969 427 1153 488 senatoribus

159 527 297 588 habebat.

130 648 143 687 r
220 626 309 684 XIII.
353 625 493 684 Adventu
522 622 655 684 Caesaris
683 622 803 701 cognito
830 620 1005 684 decuriones
1032 619 1153 682 Auximi

159 723 198 783 ad
212 721 326 783 Attium
337 723 448 780 Varum
463 722 631 797 frequentes
645 720 828 781 conveniunt
832 743 842 796 3
862 716 981 791 docent,
993 718 1038 778 sui
1052 716 1152 777 iudicii

158 837 221 879 rem
244 838 306 879 non
330 836 413 892 esse;
441 836 539 893 neque
563 837 596 877 se
622 835 721 893 neque
748 816 877 892 reliquos
904 813 1068 890 municipes
1091 812 1152 890 pati

71 898 74 904 ¹
158 933 245 991 posse
267 915 301 975 C.
325 916 484 974 Caesarem
505 912 722 989 imperatorem,
745 914 821 972 bene
842 913 881 972 de
901 931 932 971 re
952 911 1074 988 publica
1093 927 1153 969 me

159 1009 256 1084 ritum,
276 1008 366 1070 tantis
389 1011 477 1071 rebus
497 1008 586 1087 gestis
607 1009 723 1086 oppido
744 1009 960 1085 moenibusque
984 1005 1151 1085 prohiberi:

129 1127 144 1164 2
159 1107 285 1183 proinde
298 1108 407 1166 habeat
416 1105 561 1166 rationem
572 1104 752 1182 posteritatis
766 1116 796 1164 et
805 1103 927 1180 periculi
941 1104 993 1163 sui.
1016 1105 1151 1178 Quorum

159 1201 294 1263 oratione
317 1212 471 1279 permotus
498 1203 594 1262 Varus
618 1200 809 1278 praesidium,
831 1202 914 1276 quod
940 1198 1150 1272 introduxerat,

127 1318 196 1375 3err
223 1299 337 1376 oppido
365 1297 466 1359 educit
493 1317 529 1358 ac
555 1297 690 1374 profugit.
735 1300 829 1356 Hunc
856 1317 893 1356 ex
919 1296 1016 1373 primo
1047 1297 1151 1356 ordine

126 1417 145 1469 4
159 1394 245 1473 pauci
261 1395 395 1456 Caesaris
409 1392 562 1455 consecuti
576 1393 684 1454 milites
698 1393 859 1454 consistere
873 1397 1042 1470 coegerunt.
1064 1395 1152 1454 Corn-

159 1493 250 1554 misso
270 1495 383 1570 proelio
405 1492 548 1553 deseritur
568 1511 586 1552 a
606 1491 666 1550 suis
680 1493 776 1551 Varus
782 1512 792 1564 5
811 1511 873 1550 non
893 1492 975 1550 nulla
994 1510 1061 1566 pars
1080 1489 1152 1549 rnili-

159 1602 224 1652 tum
251 1592 375 1652 domum
403 1588 546 1663 discedit,
580 1587 686 1664 reliqui
712 1588 753 1648 ad
781 1589 939 1647 Caesarem
966 1585 1149 1664 perveniunt,

160 1698 249 1764 atque
263 1706 405 1747 unacum
419 1685 461 1748 eis
476 1687 638 1763 deprensus
654 1689 687 1745 Ι,
704 1685 824 1762 Pupius,
839 1683 926 1762 primi
945 1684 996 1762 pili
1009 1683 1150 1755 centurio,

159 1788 323 1864 adducitur,
355 1788 407 1865 qui
434 1789 516 1847 huuc
549 1788 679 1846 eundem
711 1786 848 1846 ordinem
875 1785 906 1845 in
934 1785 1064 1846 exercitu
1094 1786 1150 1844 Cn.

129 1884 285 1962 5P0mpei
312 1895 401 1946 antea
427 1885 557 1944 duxerat.
601 1887 642 1944 At
671 1885 781 1944 Caesar
808 1882 915 1943 milites
936 1881 1074 1942 Attianos
1094 1883 1152 1940 col-

160 1981 269 2053 laudat,
299 1981 425 2056 Pupium
452 1977 582 2051 dimittit,
607 1978 815 2040 Auximatibus
841 1979 901 2055 agit
926 1977 1034 2055 gratias
1060 1997 1152 2054 seque

162 2096 263 2137 eorum
277 2075 346 2135 sacti
361 2095 523 2136 memorem
537 2079 599 2136 lore
612 2076 776 2154 pollicetur.

131 2193 144 2232 1
221 2176 306 2233 XIV.
348 2173 464 2248 Quibus
485 2177 572 2234 rebus
593 2177 724 2234 Romam
746 2171 887 2233 nuntiatis
908 2183 1006 2233 tantus
1029 2183 1150 2249 repente

161 2280 252 2330 terror
277 2268 392 2343 invasit,
420 2281 462 2342 ut,
490 2290 558 2330 curn
586 2273 732 2331 Lentulus
759 2272 863 2331 consul
890 2272 929 2330 ad
960 2272 1150 2347 aperiendum

161 2366 303 2426 aerarium
314 2366 442 2427 venisset
453 2367 490 2426 ad
504 2366 662 2443 pecuniam
677 2366 822 2444 Pompeio
836 2386 874 2427 ex
887 2377 1005 2427 senatus
1019 2369 1151 2426 consulto

161 2464 377 2539 proferendam,
406 2463 541 2540 protinus
569 2473 674 2538 aperto
701 2462 848 2524 sanctiore
875 2462 987 2523 aerario
1013 2483 1050 2523 ex
1078 2465 1151 2523 urbe

161 2562 336 2639 profugeret
379 2562 489 2622 Caesar
511 2558 590 2623 enlm
611 2561 773 2621 adventare
794 2559 852 2619 iarn
871 2561 990 2635 iamque
1005 2571 1035 2619 et
1047 2561 1152 2620 adesse

131 2655 224 2717 aeius
245 2656 360 2733 equites
381 2658 455 2717 falso
478 2656 697 2716 nuntiabantur.
741 2660 834 2716 Hunc
856 2657 1015 2716 Marcellus
1038 2656 1152 2731 collega

130 2762 193 2829 3et
219 2752 352 2829 plerique
385 2751 569 2829 magistratus
601 2750 754 2812 consecuti
785 2761 860 2812 sunt
907 2752 962 2812 Cn.
993 2749 1152 2826 Pompeius

161 2848 256 2926 pridie
274 2848 337 2910 eius
356 2847 416 2909 diei
434 2868 471 2909 ex
492 2848 564 2914 urbe
582 2850 732 2924 profectus
746 2849 801 2908 iter
814 2848 853 2907 ad
868 2847 1000 2924 legiones
1013 2849 1151 2919 habebat,

162 2964 236 3022 quas
256 2965 274 3005 a
295 2947 421 3007 Caesare
441 2955 578 3020 acceptas
599 2943 629 3004 in
647 2943 759 3020 Apulia
778 2943 968 3005 hibernorum
989 2963 1077 3003 causa
1097 2944 1153 3003 dis

129 3052 310 3119 4posuerat.
353 3040 487 3101 Dilectus
506 3041 583 3100 circa
602 3041 707 3100 urbem
725 3040 973 3116 intermittuntur,
993 3040 1067 3100 nihil
1080 3040 1154 3101 citra

165 3140 301 3214 Capuam
328 3147 426 3197 tutum
454 3156 519 3198 esse
546 3135 686 3197 omnibus
713 3135 835 3197 videtur.
877 3139 999 3214 Capuae
1026 3136 1153 3213 primum
1213 3139 1216 3144 ’

162 3252 227 3293 sese
253 3235 428 3293 continuant
453 3243 483 3294 et
506 3233 649 3310 colligunt
674 3233 876 3309 dilectumque
898 3235 1081 3305 colonorum,
1102 3234 1153 3307 qui

163 3331 229 3405 lege
250 3329 327 3388 Iulia
348 3332 482 3404 Capuam
506 3330 629 3389 deducti
652 3340 746 3403 erant,
767 3331 877 3391 habere
900 3316 1076 3404 instituunt;
1096 3331 1154 3406 gla-

163 3425 359 3502 diatoresque,
380 3443 456 3501 quos
483 3425 525 3486 ibi
554 3429 664 3486 Caesar
687 3429 719 3486 in
743 3429 814 3487 ludo
838 3429 977 3501 habebat,
999 3429 1038 3487 ad
1058 3431 1153 3488 lorum
