2625 3834
294 266 301 280 ι
340 188 425 246 rra.
454 189 482 245 r.
528 187 617 245 cra
647 187 947 248 rrrr-rrrm.
1097 208 1133 267 35

148 338 263 416 longius
281 360 298 399 a
316 339 417 399 castris
436 351 647 416 processerant,
663 343 701 401 ab
719 341 867 417 equitibus
881 344 1030 419 correptis,
1046 346 1136 403 fitab

147 437 193 496 his
225 436 331 497 certior
359 440 477 510 Caesar,
505 441 596 497 duces
620 437 854 498 adversariorum
886 439 1004 500 silentio
1033 440 1136 515 copias

147 532 249 592 castris
273 534 406 594 educere.
450 535 518 608 Quo
543 533 664 610 cognito
689 532 806 609 signum
830 533 893 594 dari
916 533 997 596 iubet
1017 548 1047 596 et
1067 536 1167 595 vasa2

147 627 265 688 militari
297 643 381 689 more¹
408 627 593 689 conclamari.
644 629 692 688 Illi
720 629 861 690 exaudito
888 633 1017 692 clamore
1042 632 1135 704 veriti,

148 745 185 785 ne
207 736 297 784 noctu
318 723 453 802 impediti
473 725 528 785 sub
549 744 639 785 onere
660 727 817 801 confligere
838 738 1012 804 cogerentur
1029 738 1080 786 aut
1099 747 1136 788 ne

148 824 184 883 ab
210 823 342 899 equitatu
366 823 500 884 Caesaris
521 822 552 881 in
576 822 718 899 angustiis
742 833 919 896 tenerentur,
946 825 1002 884 iter
1025 825 1137 901 suppri-

148 930 232 979 munt
251 918 411 996 copiasque
430 920 461 979 in
477 920 579 979 castris
594 920 757 980 continent.
801 925 924 982 Postero
943 921 991 983 die
1007 923 1168 999 Petreius3

148 1037 215 1077 cum
247 1018 349 1094 paucis
382 1017 530 1094 equitibus
563 1019 680 1078 occulte
707 1019 746 1078 ad
774 1020 955 1094 exploranda
980 1021 1047 1079 loca
1073 1041 1138 1097 pro

148 1113 295 1175 ficiscitur.
339 1118 409 1175 Hoc
430 1114 511 1174 idem
532 1117 621 1175 litex
642 1113 743 1174 castris
765 1117 908 1176 Caesaris.
954 1117 1081 1176 Mittitur
1102 1119 1135 1175 L.

148 1213 290 1273 Decidius
318 1215 393 1274 Saxa
420 1233 487 1272 cum
516 1213 626 1289 paucis,
652 1213 703 1289 qui
727 1211 784 1272 loci
806 1224 942 1272 naturam
969 1214 1135 1291 perspiciat

109 1303 112 1310 ’
147 1297 280 1385 Uterque
309 1309 388 1369 idem
413 1309 472 1369 suis
496 1309 664 1370 renuntiat:
689 1327 709 1366 v
735 1308 816 1368 milia
837 1329 978 1386 passuum
1003 1311 1169 1386 proxima4

146 1404 328 1466 intercedere
350 1406 461 1466 itineris
484 1405 664 1482 campestris,
686 1405 757 1466 inde
781 1399 916 1482 excipere
941 1407 1007 1466 loca
1033 1428 1137 1483 aspera

146 1515 176 1563 et
198 1514 375 1577 montuosa;
400 1503 451 1579 qui
470 1503 619 1578 prior'has
641 1502 791 1579 angustias
810 1505 1006 1580 occupaverit,
1021 1508 1059 1565 ab
1079 1509 1138 1565 hoc

147 1600 264 1659 hostem
278 1599 428 1676 prohiberi
442 1598 514 1656 nihil
529 1618 593 1658 esse
607 1598 726 1675 negotii.

208 1697 335 1754 LXVII.
380 1692 554 1770 Disputatur
567 1693 597 1752 in
612 1693 738 1753 consilio
752 1714 770 1752 a
784 1694 900 1753 Petreio
914 1706 1004 1770 atque
1018 1695 1138 1756 Afranio
1155 1716 1167 1756 1

148 1801 178 1850 et
202 1801 317 1866 tempus
341 1788 532 1867 profectionis
553 1789 708 1866 quaeritur.
752 1790 889 1866 Plerique
914 1793 1083 1865 censebant,
1106 1805 1139 1851 ut

147 1895 238 1947 noctu
255 1886 309 1946 iter
327 1888 473 1946 facerent:
494 1905 582 1962 posse
599 1885 679 1962 prius
697 1887 736 1945 ad
757 1885 907 1964 angustias
928 1887 1028 1959 veniri,
1048 1909 1136 1964 quam

147 1985 309 2047 sentiretur.
353 1984 422 2060 Alii,
440 1986 522 2062 quod
542 1969 637 2062 pridie
659 1994 749 2043 noctu
771 1986 989 2044 conclamatum
1010 1997 1087 2045 esset
1107 1985 1137 2045 in
1155 2008 1169 2044 2

148 2083 282 2144 Caesaris
301 2082 412 2156 castris,
427 2081 593 2159 argumenti
612 2083 769 2142 sumebant
786 2083 861 2154 locO,
877 2102 939 2141 non
958 2103 1045 2158 posse
1061 2086 1138 2142 clam

147 2180 226 2240 exiri.
269 2180 471 2240 Circumfundi
488 2190 579 2239 noctu
599 2173 764 2256 equitatum
782 2178 916 2241 Caesaris
934 2191 1023 2256 atque
1037 2182 1170 2257 omnia3

147 2277 213 2338 loca
237 2289 326 2353 atque
350 2277 454 2337 itinera
475 2278 610 2337 obsidere
621 2298 629 2350 3
653 2287 859 2352 nocturnaque
880 2277 993 2352 proelia
1013 2296 1078 2336 esse
1098 2279 1138 2336 vi-

148 2374 246 2442 tanda,
270 2374 352 2449 quod
376 2371 544 2450 perterritus
569 2371 654 2432 miles
678 2371 709 2430 in
733 2371 811 2431 civili
836 2371 1020 2432 dissensione
1041 2371 1137 2432 timori

148 2467 240 2545 magis
268 2486 357 2543 quam
384 2466 517 2546 religioni
549 2469 704 2528 consulere
734 2465 926 2527 consueverit.
972 2471 1013 2527 At
1040 2469 1171 2542 lucem4

148 2567 272 2624 multum
300 2585 353 2643 per
380 2585 411 2625 se
438 2566 581 2642 pudorem
610 2563 745 2623 omnium
772 2563 874 2635 oculis,
897 2565 1021 2622 multum
1049 2564 1136 2622 etiam

149 2663 330 2723 tribunorum
358 2661 483 2722 militum
511 2673 541 2722 et
566 2660 773 2721 centurionum
796 2660 993 2736 praesentiam
1017 2661 1137 2734 afferre3

149 2758 255 2833 quibus
274 2760 360 2819 rebus
379 2759 506 2818 cobrceri
524 2745 632 2816 milites
654 2768 683 2816 et
696 2756 728 2815 in
742 2756 840 2816 officio
855 2755 999 2816 contineri
1014 2759 1133 2817 soleant.

150 2855 247 2928 Quare
275 2854 357 2914 omni
383 2834 497 2914 ratione
525 2872 590 2912 esse
616 2850 745 2912 interdiu
779 2854 1047 2928 perrumpendum:
1082 2853 1167 2930 etsi5

148 2949 247 3027 aliquo
271 2959 394 3025 accepto
418 2948 606 3019 detrimento,
626 2958 727 3006 tamen
750 2966 867 3006 summa
889 2943 1033 3007 exercitus
1058 2950 1138 3007 salva

149 3042 258 3118 locum,
279 3065 368 3121 quem
390 3054 500 3120 petant,
515 3043 583 3119 capi
603 3062 700 3120 posse.
743 3045 831 3103 Haec
851 3042 941 3101 vincit
962 3043 992 3101 in
1013 3042 1169 3103 consili06

150 3141 303 3213 sententia,
319 3152 347 3201 et
361 3141 455 3216 prima
467 3142 534 3202 luce
547 3138 691 3216 postridie
704 3138 888 3197 constituunt
902 3138 1054 3213 proficisci.

210 3239 355 3296 LXVIII.
396 3230 507 3310 Caesar
533 3234 692 3313 exploratis
719 3234 887 3310 regionibus
911 3216 1029 3294 albenie
1052 3235 1166 3292 caelor

150 3353 254 3394 omnes
274 3333 375 3412 copias
392 3333 493 3394 castris
511 3332 611 3393 educit
629 3350 796 3408 magnoque
815 3331 939 3389 circuitu
957 3332 1039 3389 nullo
1054 3340 1136 3387 certo

148 3427 252 3490 itinere
280 3429 438 3490 exercitum
465 3428 555 3488 ducit.
599 3429 678 3485 Nam
702 3444 778 3502 quae
801 3425 905 3483 itinera
926 3423 965 3481 ad
990 3422 1136 3478 Hiberum

987 3549 1062 3605 3--2
