2625 3834
150 202 188 260 30
437 183 504 240 oa
530 182 681 240 aaran
711 183 855 240 crura]

149 336 269 400 traiecit.
312 336 371 412 Qui
394 335 583 412 inopinantes
606 337 794 412 pabulatores
822 346 851 395 et
879 335 942 395 sine
969 337 1030 395 ullo
1057 335 1140 395 dissi·

150 447 235 512 patos
248 434 353 496 timore
367 431 495 510 aggressi
510 435 650 510 inagnum
665 453 820 492 numerum
833 433 1032 492 iumentorum
1050 446 1140 510 atque

118 554 134 594 2
149 532 302 594 hominum
312 530 503 607 intercipiunt
508 553 517 605 3
535 528 765 606 cohortibusque
773 530 891 590 cetratis
902 529 1034 590 subsidio
1044 529 1140 589 missis

149 628 276 690 scienter
301 627 332 687 in
360 629 434 689 duas
461 638 560 711 partes
584 647 648 686 sese
672 626 860 699 distribuunt,
881 627 938 699 alii,
960 638 992 686 ut
1012 627 1140 704 praedae

150 724 298 802 praesidio
318 725 385 797 sint,
400 723 457 798 alii,
477 735 510 783 ut
530 722 718 784 venientibus
731 711 874 784 'resistant
892 706 982 801 atque
1002 743 1054 784 eos
1074 743 1141 800 pro-

118 844 136 900 3
150 826 270 901 pellant,
285 842 435 900 unamque
452 824 615 894 cohortem,
631 840 708 896 quae
727 832 837 882 temere
850 825 1045 884 ante‘ceteras
1060 831 1142 881 extra

150 920 244 980 aciem
258 930 447 998 procurrerat,
461 922 605 980 seclusam
619 918 657 977 ab
671 917 789 994 reliquis
802 917 1038 979 circumveniunt
1050 929 1156 994 atque,
1171 965 1179 968 -

151 1017 328 1078 interficiunt
346 1017 568 1092 incolumesque
586 1034 655 1075 cum
673 1034 781 1092 magna
798 1016 911 1092 praeda
928 1017 1036 1077 eodem
1049 1025 1141 1092 ponte

151 1114 182 1172 in
194 1125 290 1174 castra
303 1125 494 1173 revertuntur.

122 1231 134 1272 1
211 1213 290 1270 LVI.
335 1213 416 1270 Dum
430 1213 505 1270 haec
522 1211 561 1270 ad
576 1211 706 1270 Ilerdam
720 1221 866 1287 geruntur,
883 1210 1082 1272 Massilienses
1096 1211 1141 1271 usi

120 1365 124 1370 .
153 1311 185 1366 L.
209 1307 333 1367 Domitii
346 1307 480 1368 consilio
501 1326 591 1367 naves
611 1309 715 1383 longas
736 1305 897 1383 expediunt
917 1327 1041 1366 numero
1062 1325 1139 1379 xvir,

120 1425 136 1464 2
152 1425 274 1482 quarum
289 1415 371 1464 erant
385 1421 418 1462 xr
435 1414 538 1463 tectae.
575 1405 674 1463 Multa
687 1405 746 1463 buc
760 1403 875 1464 minora
888 1405 1004 1482 navigia
1017 1408 1140 1478 addunt,

152 1513 183 1561 ut
203 1500 268 1578 ipsa
287 1500 476 1561 multitudine
496 1512 597 1560 nostra
617 1501 718 1562 classis
736 1512 884 1562 terreatur.
927 1504 1072 1579 Magnum
1090 1522 1142 1562 nu·

152 1618 265 1660 merum
284 1597 506 1675 sagittariorum,
522 1617 663 1675 magnum
678 1599 861 1670 Albicorum,
877 1599 915 1657 de
934 1599 1041 1674 quibus
1055 1618 1143 1675 supra

152 1698 386 1757 demonstratum
407 1707 460 1770 est,
479 1694 637 1772 imponunt
657 1707 746 1771 atque
766 1695 821 1754 hos
841 1696 979 1771 praemiis
998 1696 1142 1772 pollicita-

120 1792 341 1873 3tionibusque
361 1792 493 1853 incitant.
537 1796 640 1854 Certas
660 1792 715 1852 sibi
734 1793 869 1868 deposcit
888 1811 978 1852 naves
994 1792 1143 1854 Domitius

152 1904 242 1969 atque
265 1895 318 1951 has
342 1891 455 1951 colonis
483 1891 718 1968 pastoribusque,
739 1909 814 1966 quos
842 1909 944 1950 secum
970 1891 1142 1964 adduxerat,

152 1990 289 2065 complet.
331 1988 379 2048 Sic
393 1987 531 2050 omnibus
550 1988 637 2047 rebus
652 1988 794 2046 instructa
807 1987 900 2047 classe
914 2005 1022 2067 magna
1035 1987 1144 2047 fiducia

152 2087 192 2146 ad
216 2095 329 2144 nostras
352 2103 442 2144 naves
470 2085 643 2160 procedunt,
669 2084 777 2160 quibus
804 2093 937 2161 praeerat
965 2087 1002 2142 D.
1027 2087 1141 2143 Brutus.

154 2185 224 2242 Hae
251 2184 290 2243 ad
317 2181 450 2255 insulam,
479 2201 556 2258 quae
587 2177 647 2243 est
664 2193 768 2243 contra
798 2180 971 2256 Massiliam,
1002 2181 1143 2241 stationes

153 2279 336 2342 obtinebant.

82 2363 84 2367 ¹
123 2398 137 2439 1
214 2379 311 2436 LVII.
355 2378 426 2436 Erat
452 2379 546 2435 multo
573 2377 692 2437 inferior
719 2395 842 2435 numero
872 2375 991 2434 navium
1021 2379 1143 2450 Brutus;

154 2476 207 2534 sed
228 2476 338 2534 electos
358 2493 395 2534 ex
415 2473 551 2533 omnibus
573 2473 739 2550 legionibus
760 2470 933 2532 fortissimos
957 2472 1041 2544 viros,
1063 2483 1144 2533 ante-

154 2569 302 2646 signanos
320 2569 515 2640 centuriones
538 2568 693 2630 Caesarei
713 2568 800 2627 classi
820 2566 1000 2640 attribuerat,
1017 2565 1069 2643 qui
1089 2565 1145 2626 sibi

19 2745 20 2748 Ἴ
123 2688 138 2726 2
154 2664 186 2726 id
204 2665 334 2726 muneris
350 2668 597 2750 depoposcerant.
639 2664 684 2724 Hi
702 2683 808 2723 manus
821 2664 928 2722 ferreas
942 2673 1031 2739 atque
1044 2665 1146 2739 harpa-

155 2781 246 2840 gones
271 2772 442 2839 paraverant
466 2779 634 2837 magnoque
659 2778 783 2818 numero
807 2757 943 2834 pilorum,
967 2759 1145 2834 tragularum

154 2858 392 2933 reliquorumque
406 2859 531 2917 telorum
546 2876 577 2917 se
591 2854 794 2915 instruxerant.
821 2857 869 2913 Ita
882 2853 1002 2930 cognito
1014 2855 1145 2915 hostium

155 2954 285 3014 adventu
304 2972 370 3012 suas
389 2971 478 3011 naves
497 2971 534 3011 ex
552 2961 641 3027 portu
662 2951 800 3021 educunt,
821 2968 887 3008 cum
911 2949 1145 3010 Massiliensibus

124 3051 325 3128 3confligunt.
368 3051 534 3124 Pugnatum
554 3058 598 3108 est
617 3047 764 3122 utrimque
782 3044 940 3105 fortissime
960 3056 1050 3122 atque
1069 3065 1146 3106 acer·

155 3145 246 3220 rime5
280 3162 377 3218 neque
411 3145 538 3202 multum
573 3142 671 3202 Albici
707 3142 813 3202 nostris
847 3141 953 3201 virtute
989 3141 1145 3214 cedebant,

124 3239 291 3314 4homines
315 3239 411 3316 asperi
435 3250 465 3299 et
488 3237 623 3299 montani
647 3248 679 3299 et
703 3237 852 3298 exercitati
875 3235 907 3296 in
927 3237 1033 3311 armis3
1056 3248 1146 3315 atque

156 3335 186 3394 hi
210 3336 302 3395 modo
322 3333 444 3412 digressi
468 3356 488 3394 a
510 3335 746 3396 Massiliensibus
770 3345 920 3395 recentem
940 3354 1043 3395 eorum
1063 3335 1147 3411 polli-

155 3427 327 3490 citationem
354 3430 458 3490 animis
489 3431 690 3503 continebant,
719 3442 911 3509 pastoresque
941 3431 1066 3493 Domitii
1093 3452 1146 3509 spe
