2625 3834
198 216 235 256 20
486 195 553 254 DE
579 194 730 252 BELLO
760 194 807 251 CI
811 194 903 250 VILI

199 347 359 425 Pompeius
374 358 435 408 erat
450 349 629 417 adhortatus,
645 364 684 404 ne
697 365 775 404 nova
789 343 924 404 Caesaris
942 345 1039 404 officia
1056 357 1185 405 veterum

163 468 183 520 4
198 465 315 506 suorum
327 444 535 505 beneficiorum
546 441 577 501 in
588 461 641 502 eos
655 441 827 502 memoriam
842 443 1029 519 expellerent
1072 442 1187 517 Quibus

197 542 343 602 mandatis
367 539 497 616 acceptis
522 537 725 597 Massilienses
745 549 845 615 portas
866 539 987 600 Caesari
1007 540 1187 614 clauserant,

197 639 329 713 Albicos,
354 638 495 698 barbaros
519 633 664 706 homines,
689 635 740 710 qui
764 635 795 693 in
819 655 921 695 eorum
946 635 1005 695 fide
1028 634 1187 711 antiquitus
1228 621 1230 623 i

197 746 279 794 erant
301 745 475 809 montesque
498 751 583 809 supra
607 730 770 790 Massiliam
790 731 968 806 incolebant,
990 734 1030 792 ad
1050 752 1082 792 se
1103 752 1187 793 voca·

164 851 181 912 5
197 844 298 894 verant
305 855 314 906 3
335 834 515 892 frumentum
526 849 562 889 ex
572 828 704 888 finitimis
715 828 882 905 regionibus
895 820 985 905 atque
999 849 1037 889 ex
1050 830 1187 890 omnibus

197 929 323 991 castellis
341 927 373 989 in
392 931 495 988 urbem
514 937 727 1000 convexerant,
747 945 894 985 armorum
914 925 1047 986 officinas
1065 925 1096 985 in
1117 928 1187 987 urbe

197 1028 381 1088 instituerant
390 1048 400 1100 ;
420 1045 527 1097 muros,
542 1035 652 1102 portas,
668 1026 792 1083 classem
806 1023 985 1084 reficiebant.

168 1147 180 1185 1
256 1127 383 1185 XXXV.
427 1127 542 1183 Evocat
568 1124 607 1182 ad
636 1141 668 1181 se
699 1123 809 1181 Caesar
840 1121 974 1181 Massilia
1000 1139 1040 1179 xv
1067 1122 1184 1199 primos.

198 1225 275 1284 Cum
296 1221 341 1281 his
359 1220 426 1298 agit,
447 1240 484 1279 ne
501 1219 615 1278 initium
637 1218 782 1278 inferendi
800 1219 871 1278 belli
891 1221 931 1279 ab
953 1219 1188 1281 Massiliensibus

198 1319 324 1379 oriatur:
345 1319 453 1378 debere
472 1335 524 1376 eos
546 1315 649 1375 Italiae
668 1315 758 1375 totius
772 1315 978 1375 auctoritatem
992 1317 1077 1391 sequi
1090 1319 1188 1393 potius

166 1437 182 1475 2
197 1436 287 1492 quam
301 1414 388 1475 unius
401 1413 530 1474 hominis
544 1412 691 1472 voluntati
712 1414 923 1489 obtemperare.
961 1415 1095 1491 Reliqua,
1111 1435 1188 1492 quae

197 1516 236 1574 ad
263 1533 365 1576 eorum
394 1507 540 1572 sanandas
568 1522 683 1571 mentes
711 1510 856 1587 pertinere
883 1511 1084 1584 arbitrabatur,
1110 1499 1189 1573 com-

165 1622 349 1689 3memorat.
392 1610 484 1671 Cuius
505 1608 670 1669 orationem
692 1607 782 1684 legati
802 1610 926 1668 domum
950 1611 1078 1670 referunt
1098 1621 1189 1689 atque

197 1733 235 1773 ex
260 1709 434 1770 auctoritate
461 1705 535 1768 haec
569 1706 688 1767 Caesari
720 1704 908 1766 renuntiant:
944 1708 1119 1784 Intellegere
1146 1729 1188 1782 se,

197 1806 323 1868 divisum
342 1826 406 1866 esse
427 1807 572 1882 populum
592 1807 764 1862 Romanum
784 1805 815 1861 iu
836 1814 934 1879 partes
955 1805 1036 1864 duas.
1080 1790 1189 1882 Neque

198 1903 243 1965 sui
259 1904 359 1964 iudicii
378 1899 476 1980 neque
496 1921 614 1961 suarum
635 1921 699 1961 esse
716 1900 820 1960 virium
842 1900 1017 1975 discernere,
1034 1913 1099 1962 utra
1120 1923 1189 1981 pars

164 2001 344 2076 4iustiorem
367 2002 475 2060 habeat
498 2019 626 2059 causam.
670 1998 821 2074 Principes
843 2019 913 2059 vero
934 2020 998 2061 esse
1013 2021 1112 2061 earum
1126 2023 1190 2080 par-

197 2101 270 2159 tium
293 2100 348 2160 Cn.
377 2098 552 2175 Pompeium
576 2109 604 2157 et
629 2100 663 2158 C.
690 2100 857 2171 Caesarem,
879 2110 1021 2175 patronos
1045 2101 1191 2178 civitatis;

198 2216 322 2273 quorum
338 2198 412 2257 alter
428 2215 513 2272 agros
532 2197 692 2255 Volcarum
711 2195 953 2256 Arecomicorum
967 2208 997 2256 et
1012 2199 1191 2261 Helviorum

197 2292 315 2369 publice
333 2292 376 2352 eis
397 2293 583 2363 concesserit,
599 2293 672 2351 alter
688 2291 768 2351 bello
784 2291 863 2351 victa
882 2291 978 2353 Gallia
996 2294 1053 2354 alia
1069 2296 1192 2357 attribu-

164 2409 180 2469 5
197 2390 251 2452 erit
264 2389 476 2466 vectigaliaque
492 2387 612 2448 auxerit.
660 2390 760 2464 Quare
778 2389 898 2465 paribus
919 2409 1021 2449 eorum
1037 2393 1191 2454 beneficiis

197 2509 297 2567 parem
330 2508 362 2548 se
394 2506 514 2564 quoque
545 2487 730 2546 voluntatem
761 2487 888 2548 tribuere
918 2487 1027 2548 debere
1058 2500 1088 2550 et
1119 2511 1192 2551 neu-

197 2595 277 2646 trum
295 2604 396 2645 eorum
418 2594 520 2643 contra
540 2583 666 2642 alterum
686 2581 786 2642 iuvare
806 2595 858 2642 aut
882 2587 955 2644 urbe
979 2596 1030 2644 aut
1054 2587 1191 2662 portibus

196 2682 335 2760 recipere.
1119 2675 1122 2680 ’

167 2801 179 2839 1
256 2780 400 2851 XXXVI.
445 2779 532 2838 Haec
567 2778 640 2836 dum
676 2775 751 2836 inter
784 2796 836 2836 eos
869 2790 1004 2854 aguntur,
1038 2782 1192 2844 Domitius

197 2875 320 2938 navibus
349 2874 512 2934 Massiliam
544 2873 680 2951 pervenit
707 2884 797 2949 atque
824 2876 863 2934 ab
891 2875 933 2935 eis
960 2889 1095 2954 receptus
1123 2882 1190 2940 urbi

165 2995 180 3032 2
196 2972 377 3050 praeficitu13
399 2991 515 3031 summa
532 2970 560 3032 ei
576 2970 647 3031 belli
667 2970 891 3032 administrandi
909 2973 1093 3048 permittitur.
1117 2977 1192 3036 Eius

196 3069 320 3147 imperio
337 3071 461 3128 classem
481 3089 601 3147 quoque
617 3089 718 3130 versus
732 3069 885 3130 dimittunt
894 3093 903 3145 3
926 3072 1073 3132 onerarias
1086 3093 1189 3152 naves,

196 3185 269 3242 quas
289 3165 401 3241 ubique
422 3177 557 3242 possunt,
579 3167 807 3244 deprehendunt
828 3178 918 3242 atque
942 3167 973 3225 in
998 3179 1116 3244 portum
1139 3171 1195 3233 de·

196 3263 318 3334 ducunt,
333 3280 438 3336 parum
467 3260 557 3320 clavis
585 3273 635 3321 aut
662 3261 784 3322 materia
811 3272 900 3338 atque
928 3265 1117 3325 armamentis
1144 3265 1195 3327 in·

164 3356 312 3432 3structis
333 3357 372 3415 ad
392 3355 519 3432 reliquas
540 3359 698 3418 armandas
718 3358 951 3437 reficiendasque
971 3371 1112 3435 utuntur3
1133 3365 1195 3424 frn-

197 3451 289 3510 menti
308 3451 388 3527 quod
409 3450 563 3511 inventum
585 3463 638 3522 est,
653 3453 684 3512 in
701 3453 852 3529 publicum
867 3457 1040 3531 conserunt,
1060 3457 1194 3536 reliquas
