2625 3834
422 212 507 269 rra.
533 213 560 270 J.
608 211 699 270 cna
737 210 798 267 11-
809 210 893 267 VJJJ.
1136 224 1154 284 ς

223 365 293 422 VII.
337 364 454 438 Quibus
474 367 561 423 rebus
582 361 708 440 cognitis
729 364 840 424 Caesar
859 363 940 439 apud
961 359 1069 421 milites
1087 381 1185 422 con-1

162 459 296 520 tionatur.
339 459 482 522 Omnium
510 471 678 537 temporum
704 459 824 520 iniurias
851 458 1038 519 inimicorum
1064 457 1096 518 in
1123 478 1156 519 se

160 551 385 634 commemorat;
405 577 425 616 a
435 556 541 634 quibus
551 558 714 618 deductum
724 577 761 617 ac
774 558 966 634 depravatum
978 554 1154 633 Pompeium

160 654 291 731 queritur
320 653 432 714 invidia
465 667 554 731 atque
587 653 803 715 obtrectatione
833 655 931 714 laudis
962 674 1042 727 suae,
1070 653 1155 713 cuius

160 751 224 828 ipse
250 752 357 812 honori
381 762 410 813 et
433 751 569 830 dignitati
593 771 710 828 semper
732 751 836 812 faverit
859 751 1035 828 adiutorque
1058 749 1152 811 fuerit.

161 850 282 908 Novum
304 850 387 910 inre
407 849 527 927 publica
547 849 749 910 introductum
771 850 939 925 exemplum
961 848 1099 925 queritur,
1120 858 1185 907 uta

159 947 315 1009 tribunicia
337 946 509 1008 intercessio
532 947 619 1007 armis
644 958 793 1008 notaretur
816 958 906 1023 atque
931 945 1151 1023 opprimeretur,

159 1065 237 1121 quae
267 1044 466 1121 superioribus
493 1043 579 1104 annis
611 1055 690 1104 esset
717 1043 856 1104 restituta
904 1045 1015 1104 Sullam
1042 1044 1185 1119 nudata3

159 1142 298 1203 omuibus
321 1143 408 1202 rebus
433 1140 589 1201 tribunicia
611 1151 760 1218 potestate
784 1152 884 1202 tamen
910 1140 1152 1202 intercessionem

158 1241 283 1301 liberam
310 1238 481 1316 reliquisse,
505 1237 691 1316 Pompeium,
716 1237 768 1316 qui
791 1238 899 1298 amissa
925 1236 1085 1299 restituisse
1110 1235 1186 1309 ri-4

158 1339 264 1398 deatur
283 1339 373 1410 dona,
388 1337 486 1409 etiam,
506 1356 582 1413 quae
601 1347 671 1396 ante
689 1335 854 1411 habuerint,
873 1336 1027 1396 ademisse.
1070 1337 1140 1411 Quo
1169 1352 1185 1412 5

157 1434 364 1512 tienscumque
385 1433 423 1494 sit
444 1434 604 1508 decretum,
626 1434 732 1494 darent
752 1452 875 1510 operam
899 1433 1094 1510 magistratus,
1115 1451 1153 1492 ne

156 1531 232 1609 quid
245 1551 291 1592 res
305 1531 425 1607 publica
439 1530 607 1591 detrimenti
622 1541 749 1608 caperet,
760 1548 819 1608 qua
828 1548 902 1589 voce
917 1541 946 1590 et
960 1548 1020 1606 quo
1034 1540 1152 1588 senatus

157 1629 296 1688 consulto
315 1630 442 1705 populus
464 1631 619 1688 Romanus
639 1629 679 1688 ad
698 1647 779 1687 arma
797 1626 834 1687 sit
850 1637 982 1698 vocatus,
995 1628 1107 1686 factum
1121 1624 1151 1684 in
1245 1640 1248 1645 ·

156 1723 331 1803 perniciosis
352 1725 477 1802 legibus,
498 1724 531 1784 in
553 1725 583 1785 vi
607 1724 773 1798 tribunicia,
795 1724 826 1783 in
848 1723 1014 1785 secessione
1038 1722 1150 1800 populi,

156 1820 278 1898 templis
298 1823 432 1898 locisque
455 1807 630 1882 editioribus
654 1820 824 1898 occupatis,
854 1830 943 1896 atque
966 1821 1041 1880 haec
1069 1839 1151 1896 supe-

157 1918 241 1980 rioris
260 1919 363 1980 aetatis
381 1922 518 1996 exempla
536 1919 655 1996 expiata
673 1918 823 1980 Saturnini
840 1929 929 1995 atque
950 1919 1151 1979 Gracchorum

156 2016 275 2077 casibus
294 2017 398 2092 docet,
419 2035 544 2093 quarum
563 2036 660 2077 rerum
679 2016 730 2077 illo
747 2027 880 2094 tempore
893 2015 967 2076 nihil
979 2019 1099 2090 factum,
1114 2036 1152 2078 ne

157 2111 320 2190 cogitatum
342 2111 470 2189 quidem.
515 2115 668 2186 Hortatur,
689 2113 773 2174 cuius
797 2113 981 2191 imperatoris
1003 2115 1096 2174 ductu
1117 2116 1185 2173 1x6

157 2210 244 2270 annis
258 2230 320 2272 rem
335 2209 484 2287 publicam
498 2209 668 2270 felicissime
681 2211 824 2287 gesserint
837 2210 1022 2287 plurimaque
1040 2210 1153 2287 proelia

157 2309 289 2368 secunda
311 2306 443 2379 fecerint,
465 2326 586 2367 omnem
607 2306 736 2368 Galliam
757 2306 1007 2384 Germaniamque
1030 2327 1152 2384 pacave

157 2404 224 2475 rint,
253 2413 286 2462 ut
317 2402 380 2464 eius
410 2401 657 2463 existimationem
686 2401 921 2480 dignitatemque
952 2406 991 2463 ab
1023 2403 1150 2463 inimicis

158 2500 328 2561 defendant.
372 2502 569 2560 Conclamant
588 2499 713 2578 legionis
732 2518 893 2577 X111,quae
911 2501 1023 2574 aderat,
1043 2500 1151 2560 milites
1167 2518 1182 2575 7

158 2597 251 2674 (hanc
270 2595 349 2657 enim
369 2595 455 2656 initio
475 2598 618 2656 tumultus
642 2607 835 2670 evocaveram
863 2594 993 2673 reliquae
1017 2599 1151 2657 nondum

157 2694 380 2772 convenerant),
396 2712 461 2754 sese
479 2703 598 2770 paratos
614 2711 680 2754 esse
695 2692 878 2771 imperatoris
897 2693 942 2753 sui
955 2694 1152 2754 tribunorum-

159 2809 218 2867 que
232 2790 327 2867 plebis
341 2789 460 2850 iniurias
474 2792 642 2852 defendere.

215 2890 306 2949 VIII.
349 2888 478 2966 Cognita
500 2888 628 2948 militum
651 2890 806 2949 voluntate
829 2887 996 2949 Ariminum
1023 2907 1093 2949 cum
1117 2908 1182 2950 ear

158 2986 275 3062 legione
301 2984 492 3061 proficiscitur
519 2985 620 3062 ibique
647 2983 781 3045 tribunos
808 2985 912 3062 plebis,
938 2984 990 3060 qui
1016 2987 1056 3046 ad
1082 3005 1150 3047 eum

158 3083 359 3158 confugerant,
374 3081 534 3156 convenit3
553 3082 681 3158 reliquas
699 3082 831 3159 legiones
852 3100 890 3142 ex
902 3080 1151 3143 hibemisevocat

159 3188 189 3237 et
202 3177 342 3255 subsequi
365 3177 455 3240 iubet.
499 3181 544 3240 Eo
568 3181 602 3237 L.
625 3181 735 3240 Caesar
759 3180 934 3238 adulescens
957 3178 1048 3250 venit,
1069 3178 1183 3238 cuiusz

160 3287 243 3353 pater
261 3277 396 3340 Caesaris
414 3288 476 3338 erat
494 3279 615 3354 legatus.
659 3279 690 3338 Is
710 3275 825 3353 reliquo
846 3294 983 3336 sermone
1003 3275 1149 3347 confecto,

159 3375 242 3434 cuius
257 3373 298 3435 rei
312 3393 401 3434 causa
413 3384 541 3445 venerat,
557 3374 667 3434 habere
677 3392 709 3433 se
723 3393 741 3432 a
754 3370 899 3449 Pompeio
912 3372 952 3430 ad
966 3389 1034 3431 eum
1048 3367 1152 3445 privati

160 3471 247 3531 oflicii
268 3471 409 3532 mandata
428 3472 629 3531 demonstrat:
671 3472 757 3530 Velle
778 3467 954 3545 Pompeium
975 3485 1007 3525 se
1032 3465 1184 3541 Caesari3
