2625 3834
179 219 216 272 24
464 202 532 259 DE
557 202 707 261 Bnrro
737 201 882 260 σιω]

176 349 309 411 continet
324 361 362 423 et,
377 351 458 427 quod
469 349 586 428 longius
601 361 663 437 erat
677 370 767 428 agger
784 352 941 429 petendus,
955 352 987 411 in
1001 349 1169 428 praesentia

177 446 301 507 similem
329 447 473 506 rationem
501 446 598 524 operis
626 447 752 509 instituit
778 449 952 528 singulaque
983 451 1076 511 latera
1106 466 1168 510 cas·

178 555 287 604 trorum
305 543 427 621 singulis
442 543 575 606 attribuit
594 544 760 622 legionibus
781 545 944 608 munienda
959 548 1112 624 fossasque
1128 547 1169 607 ad

178 639 303 700 eandem
328 638 561 717 magnitudinem
585 641 687 717 perfici
710 641 811 716 iuhet3
837 642 963 719 reliquas
984 641 1117 718 legiones
1136 639 1169 700 in

146 757 161 794 a
178 737 265 796 armis
281 736 434 812 expeditas
453 748 556 798 eontra
569 738 687 800 hostem
701 739 863 800 constituit.
904 738 1043 798 Afranius
1061 737 1169 798 Petrei·

178 852 272 910 usque
292 832 421 894 terrendi
442 854 531 894 causa
551 846 641 912 atque
662 836 759 912 operis
780 834 963 914 impediendi
983 833 1084 912 copias
1100 854 1169 894 suas

178 932 218 991 ad
237 929 353 990 infimas
374 931 483 992 montis
505 931 618 994 radices
640 935 810 1011 producunt
831 946 861 996 et
879 934 993 1012 proelio
1010 936 1168 1006 lacessunt,

146 1045 277 1103 3neque
302 1001 414 1088 idcirco
442 1030 551 1089 Caesar
574 1047 650 1106 opus
674 1028 849 1105 intermittit,
870 1032 1000 1090 confisus
1020 1027 1169 1107 praesidio
1231 1103 1235 1109 ⁵

146 1124 327 1201 4legionum
355 1124 441 1186 trium
466 1137 496 1187 et
520 1126 685 1187 munitione
708 1128 814 1189 fossae.
856 1125 904 1187 Illi
928 1146 990 1186 non
1012 1124 1064 1187 diu
1087 1144 1169 1186 com-

178 1224 285 1284 morati
311 1242 368 1283 nec
394 1223 510 1300 longius
537 1225 576 1284 ab
603 1222 708 1285 infimo
735 1225 812 1286 colle
839 1224 985 1302 progressi
1012 1222 1114 1301 copias
1138 1221 1168 1281 in

148 1331 269 1399 5castra
282 1322 436 1382 reducunt.
478 1319 580 1382 Tertio
598 1321 648 1381 die
663 1323 774 1383 Caesar
786 1322 865 1382 vallo
878 1331 974 1381 castra
992 1320 1157 1380 communit
1160 1341 1171 1395 3

178 1419 303 1496 reliquas
331 1419 476 1492 cohortes,
498 1439 571 1496 quas
595 1418 626 1478 in
651 1410 849 1496 superioribus
876 1417 977 1479 castris
1003 1418 1168 1495 reliquerat,

178 1514 449 1593 impedimentaque
463 1515 502 1575 ad
516 1535 548 1575 se
563 1514 677 1576 traduci
690 1515 780 1576 iubet.
1057 1564 1059 1571 .
1194 1568 1196 1573 .

150 1633 162 1672 1
239 1614 356 1674 XLIII.
399 1614 470 1672 Erat
496 1612 572 1672 inter
600 1612 746 1689 oppidum
780 1613 909 1673 Ilerdam
941 1622 970 1672 et
1002 1609 1169 1688 proximum

179 1712 295 1784 collem,
310 1709 363 1770 ubi
381 1722 475 1775 castra
494 1710 626 1771 Petreius
644 1721 735 1786 atque
748 1709 887 1769 Afranius
901 1709 1060 1782 habebant,
1076 1709 1169 1787 plani-

180 1807 235 1868 ties
255 1808 368 1868 circiter
388 1828 528 1886 passuum
549 1824 614 1881 ccq
635 1819 725 1884 atque
746 1807 777 1867 in
797 1809 856 1867 hoe
876 1809 937 1867 sere
954 1806 1055 1868 medio
1074 1807 1171 1884 spatio

149 1907 309 1964 atumulus
334 1916 395 1966 erat
418 1907 508 1981 paulo
532 1903 654 1979 editior;
679 1924 769 1980 quem
793 1903 818 1964 si
838 1903 1042 1980 occupavisset
1063 1905 1172 1964 Caesar

180 2011 210 2062 et
223 2000 443 2074 communisset,
464 2002 503 2060 ab
527 2000 640 2077 oppido
665 2010 695 2060 et
719 2010 812 2076 ponte
837 2011 867 2061 et
890 2011 1058 2061 commeatu
1078 2002 1169 2073 omni,

180 2116 269 2173 quem
282 2097 314 2156 in
328 2098 474 2174 oppidum
488 2099 684 2171 contulerant,
699 2116 731 2158 se
744 2097 971 2158 interclusurum
989 2097 1171 2158 adversarios

148 2193 356 2266 3confidebat.
401 2194 473 2252 Hoc
500 2211 621 2269 sperans
649 2191 781 2269 legiones
809 2210 847 2251 111
876 2211 913 2253 ex
940 2193 1043 2253 castris
1071 2193 1172 2255 educit

179 2288 301 2366 acieque
316 2290 346 2349 in
360 2288 432 2349 locis
446 2288 561 2350 idoneis
576 2289 718 2352 instructa
731 2290 818 2350 unius
827 2287 952 2367 legionis
962 2290 1172 2366 antesignanos

147 2405 347 2463 4procurrere
369 2398 459 2464 atque
482 2407 549 2448 eum
574 2389 722 2447 tumulum
746 2406 892 2465 occupare
915 2387 1005 2447 iubet.
1048 2387 1118 2461 Qua
1140 2407 1172 2448 re

180 2483 298 2561 cognita
314 2483 453 2558 celeriter,
474 2503 551 2561 quae
569 2482 599 2543 in
620 2483 748 2546 statione
765 2503 819 2561 pro
837 2485 939 2545 castris
958 2495 1041 2545 erant
1059 2483 1172 2544 Afranii

180 2579 324 2652 cohortes
347 2579 479 2641 breviore
500 2581 603 2642 itinere
623 2583 664 2642 ad
685 2581 813 2641 eundem
838 2581 1047 2658 occupandum
1071 2583 1171 2641 locum

149 2694 165 2754 5
180 2676 342 2736 mittuntur.
385 2677 582 2739 Contenditur
598 2677 713 2755 proelio
732 2687 771 2749 et,
786 2678 868 2754 quod
885 2676 964 2755 prius
981 2676 1013 2736 in
1027 2681 1171 2738 tumulum

180 2773 332 2834 Afraniani
363 2785 515 2846 uenerant,
543 2775 635 2835 nostri
667 2776 849 2852 repelluntur
879 2785 969 2853 atque
1001 2775 1065 2835 aliis
1095 2796 1172 2836 sum-

181 2869 277 2930 missis
305 2871 442 2931 subsidiis
475 2882 557 2950 terga
583 2882 697 2932 vertere
725 2891 817 2948 seque
843 2873 883 2932 ad
910 2872 994 2949 signa
1020 2871 1172 2950 legionum

180 2969 311 3045 recipere
324 2978 477 3045 coguntur.

152 3083 165 3122 1
242 3065 352 3122 XLIV.
395 3065 498 3124 Genus
517 3073 577 3122 erat
595 3081 715 3140 pugnae
733 3062 860 3122 militum
875 3063 1002 3137 illorum,
1017 3076 1049 3124 ut
1063 3084 1172 3143 magno

182 3156 294 3235 impetu
333 3158 430 3234 primo
467 3169 679 3235 procurrerent,
715 3159 855 3219 audacter
888 3161 988 3220 locum
1022 3173 1172 3238 caperent,

183 3253 302 3314 ordines
324 3272 394 3312 suos
416 3272 478 3313 non
496 3273 605 3330 magno
624 3273 715 3330 opere
735 3266 894 3329 servarent,
913 3255 968 3315 rari
989 3256 1173 3335 dispersique

152 3369 168 3408 a
184 3360 349 3425 pugnarent
358 3371 368 3423 3
388 3349 413 3407 si
431 3362 640 3425 premerentur,
656 3353 766 3428 pedem
784 3355 890 3413 referre
904 3364 934 3413 et
948 3356 1016 3414 loco
1030 3357 1173 3416 excedere

184 3462 246 3502 non
264 3455 349 3519 turpe
368 3443 575 3518 existimarent,
593 3466 662 3505 cum
679 3446 826 3507 Lusitanis
844 3449 1023 3526 rehquisque
1041 3453 1173 3513 barbaris
