2625 3834
360 224 445 290 ΠΒ,
476 225 501 280 J.
549 223 639 280 CAP.
670 223 761 279 LXX
768 222 975 279 VI-LXXX.
1124 242 1160 296 41

171 382 281 440 Caesar
297 376 429 454 equitatu
449 376 620 452 praemisso,
636 374 688 451 qui
704 375 897 434 novissimum
912 395 1017 452 agmen
1031 389 1163 454 carperet
1177 396 1194 455 5

169 487 259 550 atque
276 473 441 550 impediret,
456 472 519 548 ipse
538 490 606 531 cum
620 470 784 546 legionibus
799 472 995 547 subsequitur.
1037 476 1159 534 Nullum

169 572 373 633 intercedebat
394 582 520 647 tempus,
536 569 609 645 quin
630 568 753 630 extremi
777 588 845 628 cum
870 569 1018 645 equitibus
1042 569 1162 647 proelia·

170 678 278 727 rentur.

232 767 372 824 LXXIX.
416 766 518 823 Genus
533 773 594 821 erat
608 763 667 821 hoc
680 780 805 837 pugnae.
848 763 1013 839 Expeditae
1026 764 1162 824 cohortes
1180 784 1192 822 1

172 861 365 920 novissimum
386 879 493 936 agmen
514 860 691 918 claudebant
712 859 869 934 pluresque
890 859 921 917 in
941 859 1014 919 locis
1033 879 1162 936 campes-

171 957 262 1017 tribus
279 957 484 1017 subsistebant.
528 955 557 1015 Si
579 975 666 1014 mons
686 965 747 1015 erat
765 956 981 1028 ascendendus,
996 957 1081 1016 facile
1098 958 1162 1034 ipsa
1177 979 1193 1016 2

171 1054 229 1113 loci
243 1065 347 1113 natura
359 1053 521 1129 periculum
535 1053 707 1128 repellebat,
721 1054 805 1128 quod
818 1071 855 1112 ex
867 1051 942 1112 locis
956 1052 1160 1130 superioribus,

171 1149 222 1223 qui
236 1159 463 1223 antecesserant,
475 1168 544 1209 suos
558 1149 755 1208 ascendentes
768 1149 963 1224 protegebant
968 1169 978 1221 3
997 1168 1066 1209 cum
1081 1152 1163 1210 vallis
1176 1171 1194 1226 3

171 1258 222 1306 aut
236 1249 318 1306 locus
333 1246 452 1307 declivis
467 1247 584 1306 suberat
596 1265 693 1322 neque
703 1245 739 1316 ei,
751 1244 802 1320 qui
812 1257 1038 1318 antecesserant,
1050 1266 1163 1306 moran-

171 1345 249 1404 tibus
268 1363 357 1420 opem
375 1345 448 1405 serre
461 1354 606 1420 poterant,
622 1342 736 1418 equites
754 1362 824 1402 vero
838 1362 875 1403 ex
889 1344 956 1402 loco
971 1344 1164 1420 superiorein

171 1459 288 1501 aversos
308 1441 367 1500 tela
387 1439 581 1511 coniciebant,
603 1449 667 1497 tum
688 1457 798 1515 magno
818 1450 880 1498 erat
899 1438 931 1497 in
954 1439 1087 1514 periculo
1107 1459 1161 1500 res.

172 1538 415 1622 Relinquebatur,
437 1550 478 1612 ut,
505 1556 574 1596 cum
602 1536 665 1597 eius
692 1534 776 1596 modi
802 1535 875 1596 locis
902 1548 979 1597 esset
1006 1537 1196 1614 appropin-4

147 1646 301 1711 quatum,
337 1634 486 1711 legionum
520 1635 603 1710 signa
636 1635 798 1694 consistere
830 1633 964 1693 iuberent
997 1653 1163 1710 magnoque

171 1731 283 1808 impetu
303 1734 468 1808 equitatum
489 1733 671 1807 repellerent,
687 1750 724 1790 eo
741 1740 890 1789 summoto
908 1741 1030 1805 repente
1051 1730 1163 1789 incitati

171 1851 257 1891 cursu
281 1851 344 1891 sese
368 1831 399 1890 in
428 1830 510 1891 vallis
537 1828 664 1889 universi
688 1828 879 1901 dimitterent,
901 1838 990 1904 atque
1010 1827 1052 1889 ita
1075 1838 1165 1887 trans-

171 1927 260 2004 gressi
273 1946 370 1987 rursus
384 1926 415 1985 in
429 1925 503 1986 locis
518 1924 717 2002 superioribus
730 1924 932 1985 consisterent.
956 1927 1035 1984 Nam
1049 1934 1162 1984 tantum
1178 1942 1194 2002 5

171 2027 210 2086 ab
237 2024 366 2102 equitum
395 2043 515 2084 suorum
547 2021 662 2082 auxiliis
694 2022 823 2093 aberant,
852 2041 977 2098 quorum
1009 2041 1163 2081 nnmerum

171 2124 322 2182 habebant
342 2141 491 2198 magnum,
508 2131 540 2179 ut
560 2139 613 2180 eos
634 2118 834 2196 superioribus
854 2118 1023 2194 perterritos
1043 2117 1163 2194 proeliis

172 2218 203 2276 in
222 2218 353 2278 medium
374 2217 536 2294 reciperent
554 2235 662 2292 agmen
678 2218 814 2291 ultroque
833 2234 885 2274 eos
906 2226 1072 2290 tuerentur,
1093 2234 1164 2290 quo

172 2334 236 2374 rum
263 2314 337 2374 nulli
365 2335 401 2375 ex
427 2315 530 2375 itinere
558 2315 702 2374 excedere
729 2313 846 2385 licebat,
869 2312 942 2388 quin
965 2313 1003 2372 ab
1031 2313 1163 2388 equitatu

172 2410 305 2473 Caesaris
319 2409 509 2486 exciperetur.

231 2508 353 2565 LXXX.
395 2505 463 2565 Tali
486 2506 557 2565 dum
582 2516 730 2582 pugnatur
755 2506 854 2576 modo,
876 2506 956 2563 lente
980 2515 1069 2579 atque
1092 2523 1192 2580 pau-1

171 2604 255 2664 latim
271 2603 438 2679 proceditur
456 2605 626 2678 crebroque,
642 2612 676 2661 ut
695 2599 754 2660 sint
774 2601 882 2661 auxilio
901 2599 968 2673 suis,
983 2600 1144 2660 subsistunt
1153 2621 1163 2673 3

171 2710 203 2759 ut
223 2710 285 2759 turn
305 2696 420 2757 accidit
464 2697 549 2757 Milia
569 2696 649 2756 enim
673 2696 819 2773 progressi
844 2714 877 2756 1v
899 2695 1193 2773 vehementiusquea

171 2793 322 2871 peragitati
336 2797 374 2853 ab
389 2794 520 2871 equitatu
534 2804 668 2852 montem
683 2793 833 2852 excelsum
846 2791 967 2868 capiunt
985 2790 1086 2868 ibique
1103 2811 1162 2851 una

171 2893 265 2950 fronte
283 2901 386 2951 contra
402 2892 519 2950 hostem
540 2900 637 2949 castra
655 2888 792 2948 muniunt
807 2907 905 2962 neque
920 2888 1059 2950 iumentis
1072 2907 1163 2948 onera

170 2989 333 3064 deponunt.
377 2988 439 3049 Ubi
457 2989 593 3050 Caesaris
612 2998 707 3046 castra
721 2986 819 3063 posita
833 2987 1080 3062 tabernaculaque
1093 3006 1162 3046 con·
1175 3006 1192 3060 3

170 3085 271 3145 stituta
290 3096 320 3145 et
338 3084 475 3145 dimissos
494 3085 610 3162 equites
626 3083 789 3161 pabulandi
806 3103 896 3159 causa
914 3083 1046 3143 animum
1059 3083 1161 3141 adver-

170 3191 275 3253 terunt,
297 3200 361 3241 sese
385 3181 483 3241 subito
506 3179 671 3257 proripiunt
694 3180 766 3241 hora
789 3177 904 3238 circiter
927 3190 1008 3238 sexta
1028 3178 1161 3238 eiusdem

170 3275 231 3336 diei
250 3286 281 3336 et
301 3295 383 3352 spem
405 3275 485 3336 nacti
506 3295 607 3335 morae
623 3275 755 3336 discessu
775 3285 940 3335 nostrorum
960 3272 1092 3348 equitum
1107 3271 1162 3330 iter

169 3374 266 3432 lacere
285 3359 437 3449 incipiunt.
480 3373 549 3447 Qua
569 3391 601 3432 re
620 3371 754 3431 animum
774 3371 897 3429 adversa
916 3370 1026 3428 Caesar
1045 3363 1193 3433 resectis4

170 3467 335 3550 legionibus
356 3469 549 3543 subsequitur,
571 3466 719 3548 praesidio
741 3461 958 3540 impedimentis
980 3475 1089 3532 paucas
1112 3476 1160 3518 co
