2625 3834
170 198 208 256 2⁶
457 196 525 253 na
552 171 704 255 uarro
733 195 879 255 csrrrr

168 349 262 420 batur,
281 358 314 408 ut
334 347 496 408 summissis
517 345 548 406 iu
568 348 698 408 eundern
717 349 816 408 locum
837 349 1008 411 cohortibus
1029 354 1162 412 defessos

168 445 319 522 reciperet.
577 525 579 530 .
847 504 849 508 Α
921 467 935 493 s

138 562 152 601 r
227 543 338 601 XLVI.
382 542 453 600 Hoc
477 560 544 599 curn
570 552 648 600 esset
672 541 764 624 modo
788 553 951 618 pugnatum
975 543 1162 604 continenter

167 637 245 697 horis
259 636 398 714 quinque,
414 637 565 714 nostrique
577 635 695 714 'gravius
709 658 727 697 a
746 639 937 700 multitudine
950 651 1160 717 premerentur,

166 736 349 813 consumptis
363 735 502 812 omnibus
516 736 581 796 telis
591 735 697 812 gladiis
708 736 853 796 destrictis
864 737 1008 824 impeturn
1022 739 1162 798 adversus

168 845 302 894 montem
316 833 347 893 in
361 835 498 893 cohortes
513 831 625 892 faciunt
639 833 802 909 paucisque
817 815 940 895 deiectis
953 835 1081 912 reliquos
1096 855 1169 896 sese

136 942 336 992 aconvertere
361 940 478 1007 cogunt.
523 929 685 990 Summotis
709 930 765 990 sub
789 931 905 990 munim
930 931 1102 991 cohortibus
1126 953 1162 992 ac

166 1048 228 1088 non
243 1030 354 1087 nullam
367 1038 481 1103 partem
490 1037 617 1104 propter
631 1037 772 1088 terrorem
786 1028 817 1086 in
837 1027 982 1105 oppidum
1000 1031 1161 1105 compulsis

56 1191 62 1202 ,
135 1125 259 1201 3facilis
278 1136 323 1184 est
342 1125 450 1184 nostris
469 1135 604 1200 receptus
623 1125 718 1186 datus.
762 1124 922 1200 Equitatus
941 1135 1042 1185 autem
1061 1136 1163 1185 noster

155 1225 205 1291 vab
233 1235 359 1300 utroque
386 1224 485 1295 latere,
515 1222 570 1282 etsi
598 1221 721 1308 deiectis
748 1232 839 1297 atque
869 1221 1055 1282 inferioribus
1086 1223 1161 1282 locis

166 1321 347 1391 constiterat,
363 1330 462 1379 tamen
483 1340 598 1379 summa
615 1319 646 1378 in
667 1319 769 1396 iugum
788 1319 895 1379 virtute
914 1318 1053 1378 conititur
1070 1331 1162 1396 atque

167 1418 242 1478 inter
269 1419 342 1477 duas
370 1416 448 1477 acies
476 1415 668 1494 perequitans
695 1417 930 1478 commodiorem
958 1437 996 1477 ac
1022 1414 1160 1478 tutiorem

162 1515 273 1580 nostris
294 1525 448 1590 receptum
468 1515 528 1574 dat.
572 1516 620 1572 Ita
640 1514 722 1573 vario
741 1513 903 1585 certamine
924 1527 1086 1591 pugnatum
1106 1527 1158 1575 est

133 1613 269 1688 4Nostri
289 1613 320 1673 in
335 1613 431 1690 primo
452 1632 612 1688 congressu
633 1611 749 1672 circiter
770 1630 834 1671 Lxx
858 1611 1038 1683 ceciderunt,
1061 1611 1091 1670 in
1115 1613 1161 1672 his

167 1711 205 1786 Q.
228 1711 378 1787 Fulginius
406 1730 441 1770 ex
468 1709 563 1786 primo
587 1711 704 1769 hastato
729 1708 853 1786 legionis
878 1728 940 1779 xm,
967 1708 1019 1782 qui
1042 1721 1162 1786 propter

166 1805 302 1867 eximiam
323 1805 460 1866 virtutem
481 1825 517 1865 ex
537 1804 723 1865 inferioribus
744 1804 896 1864 ordinibus
917 1804 948 1863 in
969 1825 1037 1864 eum
1061 1806 1161 1865 locum

136 1921 151 1981 5
167 1914 357 1981 pervenerat3
378 1889 567 1963 vulnerantur
585 1905 781 1979 ampliusne.
825 1903 871 1959 Ex
889 1899 1056 1960 Afranianis
1075 1900 1162 1960 inter-

167 2001 304 2059 ficiuntur
323 2002 357 2058 T.
382 1999 537 2071 Caecilius,
559 1999 646 2074 primi
667 1997 720 2074 pili
740 1996 883 2068 centurio,
905 2007 934 2057 et
955 2007 1070 2073 praeter
1091 2016 1160 2056 eum

167 2095 355 2156 centuriones
371 2113 410 2168 rv,
427 2095 535 2154 milites
546 2084 678 2172 ¹amplius
692 2109 737 2154 ce.

137 2213 150 2252 1
227 2194 354 2251 XLVII.
398 2191 456 2250 Sed
483 2192 558 2250 haec'
585 2190 648 2250 eius
673 2188 732 2249 diei
757 2190 919 2266 praefertur
942 2189 1053 2266 opinio,
1075 2201 1107 2250 ut
1128 2210 1160 2250 se

136 2310 151 2348 2
167 2289 282 2366 utrique
296 2287 460 2365 superiores
474 2287 644 2347 discessisse
659 2285 876 2350 existimarent:
898 2286 1058 2360 Afraniani,
1068 2290 1159 2363 quod,

167 2406 234 2446 cum
254 2405 318 2445 esse
338 2383 472 2445 omnium
494 2382 604 2464 iudicio
627 2381 779 2442 inferiores
797 2382 974 2454 viderentur,
993 2382 1161 2442 comminus

166 2494 227 2542 tam
250 2481 299 2541 diu
322 2479 471 2558 stetissent
492 2490 522 2538 et
542 2488 711 2538 nostrorum
736 2477 879 2554 impetum
904 2469 1109 2538 sustinuissent
1130 2489 1161 2538 et

167 2579 251 2640 initio
270 2582 369 2639 locum
392 2579 598 2652 tumulumque
617 2576 789 2646 tenuissent,
805 2594 882 2650 quae
901 2594 991 2633 causa
1006 2575 1161 2651 pugnandi

167 2666 273 2747 fuerit,
283 2686 313 2734 et
323 2671 449 2734 ¹nostros
467 2671 563 2748 primo
578 2690 739 2747 congressu
754 2681 835 2746 terga
848 2680 960 2729 vertere
974 2669 1158 2745 coegissent3

135 2773 259 2849 3nostri
286 2775 394 2845 autem,
424 2771 505 2845 quod
534 2767 637 2844 iniquo
665 2771 734 2830 loco
761 2779 851 2843 atque
878 2765 982 2843 impari
1010 2768 1160 2844 congressi

167 2889 291 2929 numero
302 2869 435 2944 quinque
446 2866 525 2926 horis
539 2864 685 2942 proelium
700 2863 915 2935 sustinuissent,
930 2865 1014 2939 quod
1027 2874 1160 2923 montem

168 2967 272 3044 gladiis
291 2965 435 3030 destrictis
456 2963 668 3034 ascendissent,
683 2963 766 3036 quod
783 2979 820 3019 ex
832 2963 901 3020 loco
915 2957 1065 3035 su'periore
1079 2971 1162 3036 terga
1176 3045 1178 3050 .

167 3073 280 3122 vertere
306 3059 499 3120 adversarios
519 3057 686 3134 codgissent
719 3067 809 3135 atque
835 3056 866 3114 in
901 3056 1047 3131 oppidum
1080 3054 1161 3114 coni-

136 3157 320 3236 4pulissent.
368 3155 415 3212 llli
445 3172 514 3212 eum
544 3152 701 3221 tumulum,
730 3169 785 3226 pro
814 3168 875 3225 quo
908 3147 1071 3226 pugnatum
1105 3160 1159 3223 est,

169 3251 283 3328 magnis
296 3250 434 3325 operibus
448 3244 616 3304 munierunt
631 3237 870 3321 praesidiumque
883 3242 925 3303 ibi
938 3254 1107 3319 posuerunt.

140 3371 153 3408 1
229 3345 374 3404 XLVIII.
437 3340 556 3399 Accidit
589 3341 680 3400 etiam
713 3341 902 3417 repentinum
936 3341 1161 3400 incommodum

170 3441 270 3513 biduo,
308 3455 368 3512 quo
402 3436 476 3493 haec
509 3444 592 3511 gesta
626 3445 703 3492 sunt.
752 3437 852 3494 Tanta
885 3435 965 3495 enim
999 3445 1162 3509 tempestas
