2625 3834
338 237 422 294 rra.
452 235 478 293 J.
526 237 615 294 cna
643 238 962 297 LXVIII-[XXII.
1106 255 1143 313 3⁷

156 384 251 446 aciem
279 386 401 447 instruit.
451 389 597 462 Afranius,
625 411 693 449 curn
725 392 764 451 ab
791 393 924 467 equitatu
951 391 1143 452 novissimum

156 501 263 557 agmen
284 496 470 559 premeretur,
493 496 562 545 ante
583 505 615 546 se
639 489 755 546 hostem
780 487 901 560 videret,
924 489 1030 548 collem
1054 507 1146 564 quen-

157 578 226 637 dam
246 590 349 638 nactus
365 580 407 638 ibi
426 581 565 641 constitit.
610 585 654 641 Ex
673 602 710 643 eo
723 585 791 643 loco
806 602 837 642 rv
852 595 1028 645 cetratorum
1042 584 1145 643 cohor·
1158 604 1178 657 4

158 686 201 732 tes
212 673 243 733 in
254 688 395 750 mentem,
407 677 457 753 qui
471 690 532 738 erat
547 679 576 737 in
592 684 756 756 conspectu
771 680 905 741 omnium
919 681 1143 752 excelsissimus

157 769 255 830 mittit.
298 774 390 831 Hunc
411 793 520 850 magno
540 794 626 834 cursu
646 778 813 837 concitatos
831 777 913 838 iubet
934 796 1087 852 occupare,
1107 796 1145 837 eo

157 864 289 940 consilio,
310 867 354 927 uti
381 868 444 945 ipse
473 871 580 930 eodem
608 870 747 931 omnibus
774 872 868 948 copiis
895 874 1088 933 contenderet
1115 884 1144 932 et

157 972 271 1022 mutato
298 962 402 1024 itinere
428 963 502 1042 iugis
531 968 709 1043 Octogesam
737 967 910 1043 perveniret.
954 971 1046 1028 Hunc
1076 986 1176 1045 cum5

157 1061 279 1138 obliquo
298 1061 402 1123 itinere
423 1063 526 1123 cetrati
542 1075 685 1140 peterent,
700 1064 889 1142 conspicatus
908 1065 1055 1142 equitatus
1070 1066 1144 1126 Cae-

157 1160 227 1218 saris
255 1158 286 1218 in
313 1161 449 1220 cohortes
477 1159 622 1237 impetum
649 1162 738 1234 fecit,
771 1181 828 1221 nec
855 1161 1008 1221 minimam
1032 1172 1145 1238 partem

156 1253 298 1329 temporis
318 1255 452 1330 equitum
473 1256 532 1314 vim
554 1257 658 1315 cetrati
679 1256 823 1317 sustinere
847 1269 1007 1334 potuerunt
1031 1276 1146 1317 omnes-

156 1368 215 1424 que
241 1352 280 1408 ab
304 1349 346 1410 eis
370 1349 562 1410 circumventi
586 1350 617 1410 in
641 1364 804 1428 conspectu
828 1352 980 1428 utriusque
1003 1351 1146 1412 exercitus

156 1445 377 1506 interficiuntur.

217 1545 328 1602 LXXI.
371 1546 443 1602 Erat
462 1543 580 1603 occasio
599 1544 676 1603 bene
694 1545 841 1620 gerendae
860 1545 909 1602 rei.
953 1546 1059 1619 Neque
1077 1563 1146 1603 vero
1163 1564 1176 1602 1

157 1641 188 1699 id
203 1642 361 1701 Caesarem
379 1641 518 1716 fugiebat,
536 1652 620 1699 tanto
639 1643 695 1699 sub
714 1639 806 1699 oculis
827 1652 951 1716 accepto
969 1639 1146 1699 detrimento

158 1735 340 1812 perterritum
360 1735 519 1796 exercitum
540 1736 684 1796 sustinere
704 1755 765 1795 non
786 1755 883 1812 posse,
903 1736 1072 1812 praesertim
1093 1737 1145 1794 cir-

157 1834 328 1894 cumdatum
357 1833 490 1909 undique
517 1834 657 1910 equitatu,
687 1853 755 1893 cum
782 1833 813 1892 in
840 1835 908 1893 loco
935 1852 1031 1909 aequo
1058 1843 1147 1909 atque

156 1943 259 2007 aperto
286 1930 511 2007 confligeretur;
538 1930 628 2006 idque
656 1950 692 1990 ex
720 1930 858 1990 omnibus
885 1929 1016 2005 partibus
1043 1933 1082 1990 ab
1109 1951 1146 1990 eo

157 2026 345 2105 flagitabatur.
391 2027 614 2087 Concurrebant
642 2027 739 2102 legati,
765 2026 950 2087 centuriones
978 2026 1177 2103 tribuniquea

156 2095 321 2184 mffitu‘mT
341 2125 389 2184 Ne
417 2123 565 2184 dubitaret
592 2123 737 2200 proelium
764 2123 957 2184 committere.
1003 2123 1146 2184 Omnium

156 2240 221 2282 esse
235 2219 359 2279 militum
374 2220 574 2296 paratissimos
584 2219 709 2280 animos
746 2220 923 2280 Afranianos
934 2231 1038 2279 contra
1046 2219 1146 2278 multis
1160 2240 1177 2294 3

156 2321 243 2378 rebus
256 2317 301 2377 sui
316 2317 428 2378 timoris
439 2319 522 2394 signa
536 2317 665 2378 misisse:
686 2317 769 2393 quod
782 2316 842 2375 suis
856 2336 916 2375 uon
932 2317 1146 2387 subvenissent,

156 2416 238 2490 quod
256 2415 294 2475 de
312 2415 388 2474 colle
408 2433 469 2474 non
487 2415 674 2484 decederent,
690 2414 773 2488 quod
791 2412 839 2472 vix
860 2411 993 2489 equitum
1013 2412 1146 2472 incursus

157 2511 524 2591 sustinerent‚collatisque
538 2511 568 2568 in
582 2530 676 2569 unum
689 2512 788 2569 locum
804 2508 1032 2591 signisconferti
1050 2529 1146 2585 neque

157 2609 275 2670 ordines
296 2627 394 2683 neque
414 2607 497 2684 signa
518 2619 675 2667 servarent.
720 2607 810 2682 Quod
832 2607 856 2665 si
877 2606 1062 2681 iniquitatem
1087 2605 1180 2678 loci4

158 2705 282 2777 timeret,
298 2705 401 2763 datum
418 2702 452 2760 iri
471 2713 570 2762 tamen
590 2703 691 2778 aliquo
709 2703 777 2761 loco
796 2701 950 2776 pugnandi
967 2702 1146 2769 facultatem,

157 2803 239 2878 quod
260 2813 340 2861 certe
360 2800 430 2860 inde
449 2801 657 2859 decedendum
678 2809 756 2857 esset
775 2797 898 2856 Afranio
916 2816 973 2857 nec
991 2797 1055 2858 sine
1070 2817 1148 2872 aqua

158 2917 329 2976 permanere
343 2906 452 2972 posset.

218 2995 347 3054 LXXII.
390 2995 501 3054 Caesar
520 2991 552 3051 in
573 3011 639 3051 eam
661 3010 745 3067 spem
766 3002 894 3062 venerat,
912 3011 945 3052 se
966 2991 1029 3052 sine
1049 3012 1177 3069 pugnar
1205 2989 1210 2994 ’

158 3102 188 3154 et
208 3090 271 3150 sine
291 3091 412 3149 vulnere
433 3107 553 3147 suorum
574 3107 635 3147 rem
657 3089 802 3147 conficere
822 3106 920 3162 posse,
941 3089 1023 3163 quod
1042 3108 1074 3148 re
1093 3091 1149 3147 fru-

158 3185 301 3248 mentaria
328 3185 509 3246 adversarios
537 3182 756 3243 interclusisset
806 3185 869 3244 Cur
895 3185 985 3243 etiam
1016 3186 1179 3244 secundoa

158 3281 272 3360 proelio
292 3281 408 3356 aliquos
429 3300 466 3340 ex
487 3279 546 3338 suis
567 3279 737 3338 amitteret?
760 3295 812 3336 cur
835 3276 978 3336 vulnerari
1001 3287 1149 3350 pateretur

158 3379 272 3456 optime
293 3378 330 3436 de
352 3397 384 3436 se
404 3376 524 3436 meritos
541 3375 673 3434 milites?
693 3392 745 3432 cur
764 3372 891 3448 denique
910 3373 1057 3428 fortunam
1077 3368 1150 3452 peri-

160 3475 329 3556 ditaretur?
353 3473 526 3550 praesertim
551 3492 619 3532 cum
648 3489 711 3534 non
738 3469 835 3529 minus
861 3475 938 3526 esset
965 3463 1148 3540 imperatoris
