2625 3834
400 195 485 252 LIB.
514 194 540 250 I.
587 193 678 250 CAP.
706 193 888 249 LV—LIX.
1102 209 1137 262 31

152 348 294 409 libertatis
312 345 430 408 excitati
448 348 503 425 sub
522 345 616 405 oculis
635 342 750 406 domini
769 365 854 406 suam
874 346 999 422 probare
1019 364 1141 422 operam

153 444 319 504 studebant.
740 439 742 443 ’
1142 489 1146 497 ,
1169 501 1199 525 ,χ

214 541 329 598 LVIII.
372 537 434 616 Ipsi
466 536 669 597 Massilienses
701 547 733 597 et
771 536 920 597 celeritate
957 535 1077 596 navium
1114 540 1198 596 etr¹¹

154 635 277 696 selentia
309 636 538 712 gubematorum
573 633 677 694 confisi
708 643 826 692 nostros
859 634 1018 694 eludebant
1052 633 1143 709 impe·

153 745 260 808 tusque
287 751 388 792 eorum
418 729 605 807 excipiebant
633 740 671 804 et,
697 731 798 805 quoad
821 729 936 790 licebat
968 729 1070 790 latiore
1100 729 1145 788 uti
1197 722 1201 797 l

154 829 260 907 spatio,
287 829 432 905 producta
459 829 575 904 longius
607 825 672 887 acie
703 827 915 887 circumvenire
946 838 1063 888 nostros
1093 838 1144 887 aut
1197 822 1201 895 ξ

154 925 286 1002 pluribus
306 925 430 985 navibus
451 924 559 984 adoriri
578 924 707 1001 singulas
725 935 777 983 aut
796 944 895 984 remos
914 934 1145 984 transcurrentes

153 1023 312 1099 detergere,
341 1021 365 1081 si
396 1032 526 1098 possent,
555 1022 796 1096 contendebant;
829 1041 898 1080 cum
930 1019 1052 1097 propius
1085 1013 1205 1083 eratal

155 1119 320 1180 necessario
347 1130 477 1192 ventum,
499 1119 537 1178 ab
561 1117 685 1178 scientia
708 1120 938 1195 gubernatorum
965 1128 1054 1194 atque
1078 1115 1144 1174 arti·
1201 1106 1205 1213 f

154 1215 228 1274 ficiis
249 1218 288 1276 ad
308 1215 444 1275 virtutem
465 1226 675 1275 montanorum
696 1214 913 1292 confugiebant.
956 1215 1063 1272 Nostri
1078 1230 1178 1287 cum3
1200 1218 1204 1249 ¹

155 1313 252 1373 minus
266 1313 429 1374 exercitatis
443 1312 601 1390 remigibus
616 1313 774 1390 minusque
790 1312 890 1389 peritis
903 1308 1147 1388 gubernatoribus
1194 1252 1202 1379 ‚l

155 1413 320 1484 utebantur,
340 1411 390 1487 qui
411 1422 533 1488 repente
553 1431 589 1471 ex
607 1409 747 1471 onerariis
765 1408 888 1470 navibus
907 1420 991 1468 erant
1010 1405 1146 1484 producti
1191 1390 1196 1467 l

77 1499 81 1511 '
156 1509 324 1583 nequedum
353 1507 440 1566 etiam
468 1507 619 1566 vocabulis
647 1518 897 1566 armamentorum
923 1503 1058 1581 cognitis,
1083 1513 1146 1562 tum
1189 1536 1194 1579 t

156 1601 245 1662 etiam
266 1603 401 1663 tarditate
423 1615 452 1663 et
472 1603 614 1678 gravitate
635 1604 756 1662 navium
777 1601 1031 1679 impediebantur:
1052 1602 1147 1659 sactae
1186 1594 1191 1621 ¹

157 1697 235 1757 enim
260 1697 359 1757 subito
383 1717 420 1758 ex
443 1698 544 1758 umida
566 1699 688 1758 materia
707 1719 769 1758 non
790 1699 919 1758 eundem
940 1716 1027 1755 usum
1047 1693 1146 1755 celeri-
1181 1722 1184 1730 ·

157 1792 224 1852 tatis
252 1794 409 1854 habebant.
454 1797 567 1870 Itaque,
593 1796 666 1854 dum
693 1796 776 1854 locus
801 1792 968 1855 comminus
994 1791 1181 1869 pugnandi4

156 1889 280 1961 daretur,
308 1908 406 1965 aequo
433 1889 533 1950 animo
562 1890 691 1967 singulas
719 1889 797 1950 binis
826 1891 950 1950 navibus
977 1888 1148 1949 obiciebant
1176 1910 1179 1955 ε

157 1997 246 2059 atque
266 1985 374 2045 iniecta
394 2006 484 2045 rnanu
505 1989 598 2046 semea
619 1997 648 2046 et
669 1997 784 2047 retenta
802 1997 926 2061 utraque
944 2005 1021 2046 nave
1041 1982 1147 2044 diversi

156 2082 329 2157 pugnabant
363 2092 452 2157 atque
484 2081 514 2141 in
546 2082 678 2142 hostium
706 2103 796 2143 naves
831 2083 1089 2154 transcendebant,
1118 2091 1148 2142 et
1175 2100 1178 2109 ’

157 2196 267 2254 magno
288 2198 411 2238 numero
432 2178 605 2239 Albicorum
626 2190 657 2240 et
679 2192 831 2257 pastorum
855 2180 1010 2240 interfecto
1033 2190 1147 2256 partem

157 2264 277 2333 navium
305 2276 483 2352 deprimunt,
512 2297 573 2336 non
601 2279 697 2337 nullas
724 2297 793 2337 cum
820 2276 990 2338 hominibus
1017 2275 1147 2352 capiunt,
1173 2266 1176 2317 ἷ

157 2371 283 2446 reliquas
310 2371 342 2429 in
373 2383 492 2456 portum
510 2375 718 2449 compellunt.
762 2376 807 2433 Eo
840 2374 889 2433 die
922 2392 1012 2434 naves
1043 2369 1149 2431 Massi·
1173 2380 1175 2383 ’

159 2467 295 2527 liensium
316 2488 385 2528 cum
407 2468 458 2541 eis,
478 2489 555 2545 quae
577 2481 646 2530 sunt
666 2481 779 2546 captae,
798 2469 948 2530 intereunt
969 2489 1010 2529 nc
1107 2521 1127 2532 ,
1162 2533 1167 2539 ,

218 2565 299 2624 LIX.
343 2567 414 2626 Hoc
441 2565 568 2643 primum
597 2568 717 2627 Caesari
749 2566 788 2625 ad
820 2566 948 2625 Ilerdam
980 2564 1179 2637 nuntiatu131

158 2659 245 2718 simul
268 2662 400 2735 perfecto
424 2673 516 2736 ponte
540 2657 684 2721 celeriter
697 2663 813 2720 fortuna
833 2669 970 2720 mutatur.
1014 2659 1063 2718 Illi
1086 2679 1180 2736 per-2

158 2754 249 2815 tern'ti
268 2756 375 2816 virtute
395 2757 528 2834 equitum
550 2759 648 2818 minus
669 2746 769 2831 libere,
788 2758 885 2817 minus
906 2760 1048 2819 audacter
1065 2771 1155 2836 vaga-'1

158 2852 273 2924 bantur,
301 2853 372 2912 alias
405 2873 466 2914 non
499 2857 589 2932 longo
622 2875 641 2914 a
673 2855 775 2916 castris
805 2855 950 2932 progressi
981 2855 1085 2931 spatio,
1116 2866 1149 2915 ut

158 2950 284 3016 celerem
305 2961 457 3027 receptum
481 2951 634 3023 haberent,
655 2949 806 3029 angustius
830 2953 1054 3028 pabulabantur,
1077 2955 1182 3030 aliasg

158 3043 289 3120 longiore
311 3043 433 3104 circuitu
454 3033 603 3106 custodias
625 3046 826 3123 stationesque
847 3047 982 3123 equitum
1006 3047 1148 3122 vitabant,

158 3137 330 3236 athliquo
350 3152 477 3219 accepto
488 3143 743 3234 'detrimentojaut
761 3146 865 3221 procul
881 3143 1013 3220 equitatu
1032 3144 1095 3204 viso
1112 3164 1149 3204 ex

159 3237 259 3297 medio
286 3236 388 3300 itinere
416 3239 555 3316 proiectis
583 3239 704 3300 sarcinis
729 3240 889 3317 fugiebant.
936 3243 1091 3300 Postremo
1118 3250 1149 3299 et

158 3334 258 3410 plures
278 3332 469 3395 intermittere
488 3335 552 3396 dies
572 3347 601 3397 et
618 3347 735 3413 praeter
753 3335 998 3396 consuetudinem
1014 3333 1147 3394 omnium

159 3442 252 3492 noctu
265 3431 479 3493 constituerant
492 3433 633 3510 pabulari.
