2625 3834
145 183 182 239 28
431 179 497 237 DE
523 176 674 235 BELLo
704 176 752 233 CI
756 175 848 232 VILI

143 330 332 408 permittebat
359 349 456 406 neque
488 331 528 388 ad
555 327 648 405 ripam
677 327 837 403 dispositae
866 326 1003 386 cohortes
1033 324 1133 384 adver-

112 425 284 486 asariorum
315 425 417 502 perfici
448 422 655 501 patiebantur3
690 415 773 499 quo'd
804 419 860 480 illis
888 420 1045 496 prohibere
1071 429 1133 480 erat

143 523 229 583 facile
242 542 310 581 curn
325 521 420 598 ipsius
439 519 568 579 fluminis
581 528 686 596 natura
699 529 789 594 atque
804 536 900 596 aquae
918 517 1131 594 magnitudine,

143 629 206 679 turn
230 620 313 694 quod
338 638 375 678 ex
397 616 468 677 totis
491 614 561 691 ripis
582 613 614 673 in
634 632 727 673 unum
747 625 837 691 atque
857 624 1014 692 angustum
1032 615 1132 673 locum

112 718 202 793 3tela
221 714 420 787 iaciebantur;
446 723 537 788 atque
557 723 618 772 erat
639 709 758 771 difficile
779 712 886 771 eodem
906 721 1040 787 ternpore
1059 709 1132 786 rapi-

144 811 266 872 dissimo
279 811 401 872 flumine
415 829 506 888 opera
519 799 662 890 perlicere
676 819 706 868 et
719 809 779 868 tela
792 807 890 868 vitare

115 930 127 968 1
205 910 255 970 LI.
298 906 459 968 Nuntiatur
483 906 614 978 Afranio,
636 925 760 982 magnos
787 916 980 978 commeatus,
1001 903 1053 980 qui
1079 904 1133 964 iter

144 1007 273 1066 habeant
307 1007 346 1066 ad
380 1007 547 1078 Caesarem,
569 1004 608 1064 ad
631 1005 743 1063 flumen
765 1001 941 1063 constitisse.
983 1004 1134 1062 Venerant

145 1121 182 1162 eo
209 1101 348 1178 sagittarii
376 1121 413 1161 ex
440 1100 574 1172 Rutenis,
603 1099 718 1177 equites
745 1119 783 1161 ex
810 1098 919 1159 Gallia.
938 1118 1006 1158 cum
1034 1097 1134 1156 multis

145 1198 233 1259 carris
250 1198 423 1276 magnisque
439 1195 670 1274 impedimentis,
684 1207 718 1256 ut
737 1197 792 1255 sert
810 1195 926 1255 Gallica
938 1196 1131 1277 consuetudo.

114 1315 129 1353 a
146 1297 237 1354 Erant
252 1304 403 1372 praeterea
419 1291 563 1372 cuiusque
581 1291 697 1369 generis
711 1290 866 1352 hominum
880 1291 961 1351 milia
974 1290 1089 1351 circiter
1102 1311 1133 1350 vr

145 1408 214 1448 cum
234 1389 326 1450 servis
344 1387 515 1465 libertisque
524 1408 534 1460 3
548 1387 608 1448 'sed
627 1389 727 1447 nullus
745 1388 828 1461 ordo,
846 1389 959 1447 nullum
978 1387 1134 1465 imperium

145 1495 356 1560 catumeum
385 1505 438 1545 suo
466 1485 592 1561 quisque
614 1484 741 1544 consilio
764 1495 894 1546 uteretur
917 1496 1006 1561 atque
1029 1505 1134 1546 omnes

146 1583 209 1641 sine
229 1581 333 1642 timore
353 1581 566 1654 iter'facerent,
587 1580 631 1640 usi
652 1580 836 1656 superiorum
857 1590 1024 1658 temporum
1045 1591 1134 1657 atquc

113 1677 281 1755 3itinerum
304 1677 428 1738 licentia.
473 1680 565 1737 Erant
589 1680 758 1754 complures
781 1679 900 1739 honesti
920 1680 1133 1752 adulescentes,

147 1787 315 1838 senatorum
336 1775 387 1835 tilii
407 1786 438 1836 et
458 1776 569 1836 ordinis
590 1775 752 1856 equestris3
781 1786 864 1837 erant
884 1775 1044 1853 legationes
1067 1777 1136 1836 civi·

146 1883 258 1946 tatum;
278 1883 360 1932 erant
374 1871 462 1948 legati
477 1871 619 1932 Caesaris.
664 1873 732 1931 Hos
750 1891 855 1932 omnes
868 1871 989 1932 flumina
1004 1873 1135 1932 contine

113 1971 225 2042 4bant.
268 1969 317 2028 Ad
336 1969 391 2028 hos
409 1951 621 2044 opprimendos
642 1985 712 2026 cum
730 1966 812 2055 omni
831 1967 963 2044 equitatu
984 1967 1135 2045 tribusque

146 2063 311 2141 legionibus
332 2063 471 2123 Afranius
491 2064 529 2124 de'
551 2074 639 2124 nocte
660 2063 850 2140 proficiscitur
874 2065 1135 2143 imprudentesque

146 2171 214 2220 ante
228 2158 324 2218 missis
338 2159 485 2235 equitibus
499 2158 673 2236 aggreditur.
710 2159 852 2220 Celeriter
865 2178 930 2220 sese
944 2173 1043 2221 tamen
1058 2163 1136 2222 Galli

115 2274 130 2334 5
147 2256 260 2334 equites
279 2257 441 2333 expediunt
459 2256 665 2333 proeliumque
684 2255 881 2316 committunt
926 2256 973 2331 Ei,
987 2258 1058 2317 dum
1072 2257 1136 2335 pari

147 2352 306 2414 certamine
322 2372 368 2413 res
384 2353 444 2430 geri
458 2352 565 2430 potuit,
581 2372 722 2430 magnum
736 2353 866 2412 hostium
881 2339 1035 2417 numerum
1049 2356 1135 2431 pauci

147 2451 310 2511 sustinuere
318 2471 328 2524 ;
348 2452 409 2525 sed,
428 2450 480 2511 ubi
501 2449 754 2527 signa‘legionum
773 2452 1012 2528 appropinquare
1032 2472 1136 2528 coepe-

147 2559 223 2622 runt,
245 2547 346 2624 paucis
371 2547 486 2608 arnissis
510 2567 575 2608 sese
600 2547 631 2606 in
655 2549 807 2624 proximos
832 2559 949 2620 montes
972 2551 1133 2610 conferunt

116 2646 220 2705 6Hoc
243 2664 358 2722 pugnae
382 2656 500 2720 tempus
525 2663 665 2720 magnum
682 2644 790 2704 ‘attulit
817 2645 924 2705 nostris
947 2647 987 2706 ad
1014 2649 1137 2707 salutem
1234 2685 1237 2690 -
1278 2665 1287 2678 ·

149 2753 353 2801 momentum:
386 2739 466 2800 nacti
501 2742 580 2799 enirn
611 2739 739 2816 spatium
772 2760 804 2802 se
832 2741 862 2801 in
890 2745 957 2803 loca
988 2744 1138 2821 superiora

149 2846 329 2912 receperunt.
373 2835 541 2896 Desiderati
562 2849 630 2896 sunt
651 2856 690 2896 eo
714 2836 763 2897 die
787 2837 926 2915 sagittarii
952 2839 1067 2900 'circiter
1089 2858 1135 2914 ce,

149 2932 263 3010 equites
276 2931 371 3008 pauci,
384 2933 522 2993 calonum
535 2942 625 3009 atque
639 2932 923 3010 impedimentorum
938 2955 998 2994 non
1013 2956 1138 3014 magnus

149 3049 295 3090 numerus.
467 3013 471 3026 ’

120 3148 133 3187 1
209 3128 278 3185 LII.
322 3125 380 3184 His
408 3136 508 3186 tamen
533 3126 672 3187 omnibus
696 3145 816 3186 annona
838 3128 948 3202 crevit3
974 3149 1052 3206 qnae
1077 3133 1139 3194 fere

150 3240 196 3282 res
214 3241 275 3281 non
295 3223 391 3281 solum
412 3220 515 3297 inopia
533 3225 690 3299 praesenti,
711 3222 871 3283 sedetiam
890 3215 979 3284 futuri
997 3229 1139 3304 temporis

120 3337 135 3376 a
152 3318 255 3377 timore
278 3316 480 3392 ingravescere
501 3317 662 3377 consuevit.
708 3321 832 3394 lamque
852 3322 892 3381 ad
912 3318 1048 3382 denarios
1069 3342 1088 3382 n
1108 3325 1138 3384 in

153 3409 281 3484 singulos
295 3409 412 3470 modios
427 3431 547 3472 annona
560 3425 742 3489 pervenerat,
760 3426 790 3474 et
808 3415 935 3477 militurn
948 3419 1024 3480 vires
1038 3422 1140 3500 inopia
