2625 3834
426 211 510 268 rra
541 194 567 269 r.
614 213 705 271 car.
734 213 850 272 JJ-V.
1118 233 1134 289 3

147 363 294 424 Dicuntur
321 363 410 425 etiam
437 367 475 425 ab
503 384 577 426 non·
597 364 684 426 nullis
715 366 889 439 sententiae,
918 377 951 428 ut
977 369 1066 446 legati
1097 369 1167 443 ad7

148 464 306 523 Caesarem
320 461 481 534 mittantur,
497 462 549 539 qui
562 464 746 524 voluntatem
761 475 881 524 senatus
896 463 923 524 ei
937 476 1112 543 proponant.

207 561 259 618 IV.
297 559 445 620 Omnibus
458 558 503 620 his
516 559 660 619 resistitur
679 559 875 637 omnibusque
889 561 982 622 oratio
996 563 1135 636 consulis,
1153 585 1165 623 1

147 655 302 732 Scipionis,
318 657 442 717 Catonis
460 656 627 733 opponitur.
671 658 818 718 Catonem
836 669 949 719 veteres
966 659 1137 720 inimicitiae
1152 681 1167 718 2

147 751 281 814 Caesaris
304 751 428 814 incitant
448 765 477 814 et
498 755 584 814 dolor
602 756 744 830 repulsae.
789 756 933 814 Lentulus
954 756 1028 816 aeris
1048 755 1136 816 alieni

147 850 349 928 magnitudine
377 862 407 912 et
433 871 485 928 spe
513 851 655 912 exercitus
683 871 719 911 ac
742 850 958 929 provinciamm
983 864 1013 914 et
1035 874 1136 932 regum

146 947 391 1022 appellandorum
418 945 621 1023 largitionibus
648 956 791 1020 movetur,
814 967 906 1024 seque
927 949 1049 1008 alterum
1073 950 1136 1009 lore

146 1043 257 1103 Sullam
270 1043 346 1103 inter
359 1063 428 1105 suos
441 1043 589 1122 gloriatur,
603 1045 642 1105 ad
656 1064 747 1122 quem
765 1064 882 1104 summa
900 1044 1013 1123 imperii
1026 1047 1134 1106 redeat.

146 1140 315 1218 Scipionem
330 1142 435 1202 eadem
447 1161 514 1219 spes
528 1141 697 1219 provinciae
707 1154 798 1219 atque
812 1141 990 1203 exercituum
1002 1141 1135 1220 impellit,
1151 1163 1167 1218 3
1200 1200 1206 1207 ,

147 1258 222 1315 quos
236 1258 335 1315 septo
349 1238 566 1300 necessitudine
580 1239 753 1315 partiturum
771 1258 840 1299 cum
860 1239 1006 1316 Pompeio
1020 1240 1136 1300 arbitra·

147 1347 200 1407 tur,
221 1334 308 1395 simul
326 1334 500 1396 iudiciorum
521 1347 626 1408 metus,
647 1335 779 1396 adulatio
799 1348 889 1418 atque
910 1335 1070 1396 ostentatio
1091 1338 1136 1395 sui

146 1444 175 1493 et
196 1432 371 1510 potentium,
393 1433 445 1510 qui
465 1432 496 1492 in
516 1453 547 1493 re
566 1433 685 1510 publica
703 1433 879 1512 iudiciisque
897 1445 961 1494 tum
978 1433 1136 1511 plurimum

145 1532 304 1606 pollebant.
348 1534 419 1607 Ipse
440 1530 608 1608 Pompeius,
629 1533 668 1590 ab
689 1530 816 1592 inimicis
841 1532 976 1594 Caesaris
998 1534 1169 1604 incitatus4

146 1639 176 1687 et
189 1629 271 1704 quod
285 1626 435 1687 neminem
449 1627 593 1703 dignitate
607 1634 709 1688 secum
728 1628 884 1704 exaequari
898 1630 1024 1699 volebat,
1039 1638 1135 1687 toturn

146 1743 179 1784 se
198 1723 236 1782 ab
256 1722 318 1783 eius
339 1721 467 1782 amicitia
486 1733 628 1782 averterat
650 1734 680 1782 et
700 1741 767 1781 cum
785 1723 992 1782 communibus
1011 1721 1136 1780 inimicis

145 1819 176 1880 in
203 1819 324 1896 gratiam
351 1819 484 1893 redierat,
513 1837 639 1895 quorum
667 1819 732 1895 ipse
759 1817 918 1878 maximam
945 1829 1058 1895 partem
1085 1820 1137 1879 illo

145 1917 293 1977 affinitatis
313 1926 446 1993 ternpore
469 1915 634 1976 iniunxerat
656 1916 794 1991 Caesari3
818 1916 904 1976 simul
924 1906 1045 1975 infamia
1065 1918 1135 1976 dua·
1152 1935 1167 1994 5

145 2033 210 2072 rum
223 2013 372 2091 legionum
391 2025 550 2090 permotus,
566 2033 639 2090 quas
653 2015 692 2072 ab
706 2013 809 2074 itinere
822 2013 912 2074 Asiae
926 2013 1083 2091 Syriaeque
1097 2015 1136 2073 ad

146 2131 229 2170 suam
249 2111 413 2186 potentiam
433 2109 680 2186 dominatumque
700 2122 891 2182 converterat,
912 2130 975 2170 rem
998 2111 1036 2170 ad
1057 2131 1138 2172 arma

146 2206 255 2267 deduci
269 2207 415 2266 studebat.

205 2305 241 2362 V.
285 2304 343 2361 His
361 2304 401 2362 de
419 2299 515 2362 causis
534 2311 660 2379 aguntur
678 2301 779 2361 omnia
791 2301 896 2379 raptim
911 2313 1000 2379 atque
1014 2304 1136 2364 turbate.
1155 2325 1166 2360 1

147 2401 212 2460 Nec
233 2398 361 2459 docendi
382 2399 516 2460 Caesaris
538 2399 712 2475 propinquis
733 2399 794 2460 eius
816 2400 944 2477 spatium
965 2400 1059 2473 datur,
1082 2419 1137 2460 nec

146 2495 269 2556 tribunis
288 2494 384 2571 plebis
402 2495 446 2554 sui
465 2494 585 2572 periculi
605 2497 785 2572 deprecandi
802 2515 898 2571 neque
913 2496 1001 2556 etiam
1016 2494 1137 2556 extremi

145 2593 215 2652 iuris
249 2593 459 2653 intercessione
492 2593 647 2664 retinendi,
678 2594 760 2668 quod
790 2595 823 2651 L.
857 2594 936 2652 Sulla
970 2590 1136 2667 reliquerat,

145 2688 268 2746 facultas
289 2685 431 2757 tribuitur,
453 2687 506 2746 sed
527 2686 565 2745 de
590 2705 642 2744 sua
667 2688 761 2746 salute
785 2683 912 2761 septimo
937 2683 986 2745 die
1009 2685 1167 2762 cogitarea

146 2795 298 2861 coguntur,
314 2784 395 2860 quod
414 2783 455 2842 illi
474 2782 716 2843 turbulentissimi
737 2781 935 2857 superioribus
955 2781 1138 2857 temporibus

146 2877 255 2939 tribuni
275 2879 370 2954 plebis
384 2887 452 2954 post
470 2888 539 2937 octo
559 2877 689 2953 denique
710 2896 828 2936 menses
848 2895 966 2936 suarum
987 2877 1138 2936 actionum

144 2975 290 3053 respicere
298 2975 445 3050 actimere
453 2985 636 3034 consuerant.
661 2974 831 3034 Decurritur
841 2974 880 3032 ad
890 2972 964 3032 illud
974 2983 1169 3049 extremum3

146 3084 236 3149 atque
257 3073 394 3132 ultimum
415 3083 534 3131 senatus
555 3073 733 3141 consultum,
748 3088 809 3146 quo
829 3068 885 3129 nisi
905 3089 1000 3146 paene
1020 3069 1051 3129 in
1072 3071 1137 3147 ipso

146 3170 228 3230 urbis
241 3170 381 3230 incendio
396 3179 485 3245 atque
498 3169 529 3227 in
543 3166 749 3245 desperatione
760 3168 893 3226 omnium
905 3167 1005 3227 salutis
1018 3170 1138 3228 scelera-

146 3278 243 3326 tomm
257 3266 381 3327 audacia
395 3284 558 3341 numquam
574 3274 641 3323 ante
657 3265 832 3324 descensum
846 3274 908 3323 est:
929 3264 1001 3324 dent
1018 3281 1137 3339 operam

146 3364 293 3434 consules,
308 3372 466 3438 praetores,
480 3359 591 3419 tribuni
612 3359 717 3434 plebis,
732 3358 843 3434 quique
854 3369 913 3435 pro
929 3377 1002 3417 coss.
1024 3359 1085 3415 sint
1097 3358 1137 3415 ad

146 3462 260 3533 urbem,
275 3478 313 3518 ne
335 3459 406 3535 quid
427 3478 473 3518 res
492 3457 609 3534 publica
628 3455 795 3516 detrimenti
809 3455 914 3529 capiat.
959 3457 1044 3511 Haec
1058 3455 1170 3520 SCt04

982 3581 1055 3618 1-2
