2625 3834
390 154 529 209 tras.
577 155 667 210 cna
697 155 909 212 rx-Lxrtl.
1106 179 1142 234 33

120 349 122 354 .
154 313 216 361 erat
240 304 386 379 oppidum
410 304 541 378 positum
565 305 604 364 ad
630 305 777 365 Hiberum
802 305 939 381 miliaque
964 315 1103 383 passuum
1127 331 1145 368 a

154 400 255 459 castris
268 403 370 460 aberat
384 419 458 460 xxx.
494 403 543 462 Ad
557 422 624 461 eum
639 405 738 462 locum
752 403 881 462 fluminis
895 403 1019 464 navibus
1037 404 1145 466 iunctis

154 507 277 572 pontem
305 495 451 573 imperant
477 497 539 557 fieri
567 497 756 577 legionesque
784 500 857 560 duas
884 501 995 561 flumen
1022 501 1145 562 Sicorim

153 592 328 665 traducunt3
356 603 451 651 castra
471 593 643 653 muniuntur
663 597 741 655 vallo
761 596 870 678 pedum
891 614 947 656 xrr.

216 689 316 747 LXII.
362 689 430 762 Qua
443 707 475 748 re
489 708 542 764 per
561 691 760 768 exploratores
779 693 899 768 cognita
913 712 1029 753 summo
1043 695 1145 756 labore
1162 717 1174 754 1

153 783 279 843 militum
302 786 413 852 Caesar
433 785 608 846 continuato
629 788 712 848 diem
730 799 1021 866 noctemqueopere
1041 791 1072 850 in
1093 793 1144 851 flu-

153 879 232 940 mine
256 883 417 942 avertendo
442 883 501 942 huc
525 881 584 943 iam
603 904 665 944 rem
694 885 864 954 deduxerat,
884 897 917 945 ut
941 885 1063 962 equites,
1088 888 1144 947 etsi

153 978 309 1037 difficulter
322 988 411 1055 atque
425 999 511 1056 aegre
530 981 628 1050 fiebat,
644 991 767 1057 possent
785 991 885 1059 tamen
898 992 988 1059 atque
1002 984 1144 1043 auderent

151 1074 262 1134 flumen
273 1075 402 1148 transire,
415 1077 529 1152 pedites
540 1096 610 1137 vero
622 1089 738 1137 tantum
749 1078 840 1138 modo
855 1078 962 1138 umeris
975 1099 1011 1138 ac
1025 1099 1143 1140 summo
1159 1100 1174 1137 2

151 1182 271 1247 pectore
285 1184 433 1234 exstarent
447 1186 477 1234 et
491 1194 559 1234 cum
574 1173 729 1236 altitudine
744 1195 839 1251 aquae
857 1187 921 1235 tum
935 1175 1024 1236 etiam
1038 1177 1144 1253 rapidi·
1179 1182 1181 1185 ’

151 1277 211 1327 tate
239 1268 366 1328 fluminis
394 1271 434 1329 ad
461 1272 672 1331 transeundum
696 1271 915 1347 impedirentur.
958 1273 1019 1333 Sed
1043 1284 1174 1349 tamen3

151 1364 256 1423 eodem
277 1366 337 1424 fere
355 1376 489 1442 tempore
506 1385 583 1442 pons
601 1366 632 1424 in
652 1367 769 1426 Hibero
787 1386 881 1444 prope
896 1368 1015 1427 effectus
1029 1368 1143 1429 nuntia-

149 1459 244 1531 batur,
260 1471 289 1518 et
303 1461 334 1517 in
348 1459 440 1520 Sicori
453 1463 562 1520 vadum
577 1461 783 1537 reperiebatur.

212 1557 327 1614 LXIII.
372 1559 436 1613 Iam
453 1576 523 1616 vero
541 1575 578 1615 eo
595 1557 689 1632 magis
706 1556 747 1614 illi
766 1559 980 1617 maturandum
995 1559 1050 1620 iter
1070 1559 1142 1620 exis·
1158 1583 1170 1620 1

152 1651 303 1709 timabant.
351 1653 457 1725 Itaque
479 1652 595 1711 duabus
619 1651 806 1711 auxiliaribus
831 1654 1002 1714 cohortibus
1027 1657 1140 1716 Ilerdae

66 1788 69 1792 -
150 1745 297 1822 praesidio
317 1745 425 1805 relictis
442 1747 582 1807 omnibus
598 1747 693 1825 copiis
712 1748 836 1808 Sicorim
855 1760 1008 1809 transeunt
1026 1763 1141 1811 etcum

150 1843 266 1902 duabus
291 1840 463 1918 legionibus,
490 1862 563 1919 quas
588 1843 787 1920 superioribus
811 1844 917 1905 diebus
944 1848 1139 1921 traduxerant,

149 1951 244 2000 castra
262 1939 394 2017 iungunt
439 1940 676 2018 Relinquebatur
693 1941 812 2002 Caesari
828 1941 909 2013 nihil,
928 1938 983 2003 nisi
1001 1944 1045 2003 uti
1062 1946 1140 2021 equi·
1155 1969 1170 2005 2

122 2109 124 2116 Ι
148 2049 211 2097 tatu
228 2057 334 2114 agmen
353 2037 586 2098 adversariorum
605 2039 683 2098 male
699 2038 821 2098 haberet
832 2051 862 2098 et
876 2049 1032 2116 carperet(
1058 2044 1139 2102 Pons
1257 2027 1259 2032 ¹

149 2134 227 2194 enim
244 2135 337 2212 ipsius
355 2155 494 2213 magnum
512 2134 667 2196 circuitum
683 2121 821 2220 habebat,
842 2148 874 2196 ut
893 2138 987 2197 multo
1007 2137 1138 2199 breviore

147 2231 251 2292 itinere
267 2233 309 2292 illi
325 2235 365 2293 ad
386 2234 534 2293 Hiberum
553 2236 706 2310 pervenire
726 2247 856 2310 possent
901 2237 1022 2312 Fquites
1042 2238 1080 2297 ab
1100 2236 1170 2315 cog

73 2353 76 2358 ’
147 2330 228 2389 missi
251 2330 361 2389 flumen
385 2341 537 2390 transeunt
561 2342 598 2404 et,
620 2350 688 2390 cum
713 2332 751 2390 de
775 2333 860 2392 tertia
883 2333 981 2410 vigilia
1005 2333 1153 2393 Petreius.

112 2481 115 2487 ,
147 2435 237 2502 atque
265 2426 523 2486 Afraniuscastra
538 2427 721 2500 'morlasent
746 2439 868 2503 repente
892 2449 957 2489 sese
980 2431 1018 2489 ad
1042 2422 1137 2489 novis-¹

147 2519 254 2579 simum
275 2541 382 2598 agmen
401 2523 561 2582 ostendunt
579 2532 608 2582 et
626 2542 734 2599 magna
754 2511 942 2584 multitudine
962 2524 1136 2585 circumfusa

147 2616 252 2675 morari
267 2629 354 2692 atque
369 2616 423 2676 iter
435 2617 579 2694 impedire
594 2617 745 2694 incipiunt.

207 2714 316 2771 LXIV.
360 2713 457 2772 Prima
471 2717 537 2773 luce
552 2733 588 2772 ex
603 2713 800 2789 superioribus
814 2714 895 2786 locis,
911 2735 987 2789 quae
1002 2714 1135 2775 Caesaris
1151 2737 1164 2774 1

145 2807 247 2869 castris
266 2819 348 2868 erant
369 2809 534 2881 coniuncta,
551 2811 731 2881 cernebatur,
749 2808 897 2884 equitatus
913 2811 1004 2870 nostri
1020 2810 1134 2886 proelio

146 2902 321 2963 novissimos
348 2903 465 2964 illorum
490 2903 584 2981 premi
608 2908 805 2980 vehementer,
828 2925 864 2965 ac
887 2924 948 2964 uon
972 2926 1133 2980 numquam

145 2997 288 3059 sustinere
312 3011 474 3060 extremum
498 3021 604 3078 agmen
629 3015 718 3078 arque
739 3001 919 3077 interrumpi,
941 3002 1012 3061 alias
1036 3001 1163 3060 inferria

7 3075 8 3148 i
49 3167 56 3180 Α
145 3096 229 3176 signa
256 3107 285 3157 et
309 3099 507 3159 universarum
532 3099 697 3158 cohortium
722 3099 834 3175 impetu
860 3109 975 3157 nostros
999 3097 1131 3173 propelli,

145 3191 215 3252 dein
236 3213 332 3252 rursus
353 3189 510 3254 conversos
531 3194 655 3271 insequi.
698 3197 783 3255 Totis
807 3213 878 3253 vero
902 3193 1002 3252 castris
1025 3193 1163 3267 milites3

143 3287 276 3348 circulari
306 3300 336 3348 et
363 3289 470 3360 dolere,
500 3290 616 3350 hostem
644 3308 681 3349 ex
707 3289 845 3348 manibus
875 3287 992 3358 dimitti,
1020 3288 1130 3345 bellum

144 3383 310 3442 necessario
330 3384 444 3460 longius
466 3386 552 3456 duci3
576 3385 762 3444 centuriones
787 3384 980 3453 tribunosque
1004 3379 1128 3436 militum

226 3512 290 3552 aar..
307 3510 365 3553 crv.
382 3515 400 3554 1.
1045 3507 1061 3559 3
