2625 3834
299 209 386 270 rra.
416 213 443 270 J.
490 210 581 304 exp.
613 211 996 271 rxxxJV-rxxxrr.
1109 231 1145 287 45

157 377 273 441 paratas
295 386 391 441 neque
409 365 581 424 summissos
596 366 687 424 duces
704 365 747 423 rei
761 364 891 423 militaris
905 365 1022 441 peritos.
1067 364 1148 424 Nihil
1163 381 1179 437 7

157 464 263 521 horum
284 464 322 521 ad
343 464 493 538 pacandas
520 461 689 538 Hispanias,
710 462 784 521 nihil
806 464 846 521 ad
870 483 956 522 usum
979 462 1149 539 provinciae

156 556 314 633 provisum,
326 576 405 633 quae
414 568 535 633 propter
549 555 772 616 diuturnitatem
786 557 866 634 pacis
881 561 994 619 nullum
1007 558 1147 618 auxilium
1207 571 1210 576 ’

157 653 335 714 desiderarit.
380 654 490 715 Omnia
508 656 582 714 haec
599 654 790 732 iampridem
810 669 914 717 contra
934 678 966 718 se
986 658 1097 735 parari:
1117 659 1148 716 in
1163 663 1181 717 8

157 769 189 809 se
203 749 273 810 novi
291 751 405 828 generis
422 750 546 828 imperia
559 751 708 823 constitui,
723 763 756 811 ut
770 752 849 812 idem
863 755 903 813 ad
917 766 1016 831 portas
1029 756 1148 815 urbanis

158 847 323 925 praesideat
343 852 430 909 rebus
452 861 481 908 et
502 853 575 910 duas
597 849 834 909 bellicosissimas
855 849 1020 926 provincias
1040 854 1148 912 absens

158 959 202 1008 tot
222 947 307 1008 annis
324 948 474 1022 obtineat,
495 947 526 1007 in
540 967 572 1008 se
586 947 650 1007 iura
669 948 891 1024 magistratuum
910 948 1094 1022 commutari,
1109 970 1148 1009 ne
1162 972 1180 1026 9

157 1065 195 1105 ex
210 1057 346 1122 praetura
359 1057 389 1105 et
403 1045 565 1118 consulatu,
581 1056 613 1104 ut
632 1064 757 1120 semper,
773 1046 826 1104 sed
840 1064 893 1121 per
905 1065 1017 1121 paucos
1030 1046 1148 1123 probati

158 1155 188 1202 et
207 1143 294 1228 electi
314 1142 345 1202 in
366 1141 531 1219 provincias
551 1139 703 1201 mittantur
711 1163 720 1215 ;
741 1139 772 1200 in
791 1161 822 1200 sc
841 1141 930 1200 etiam
944 1142 1049 1202 aetatis
1063 1163 1148 1203 excu-

159 1241 303 1302 sationem
328 1241 400 1300 nihil
420 1243 524 1312 valere,
545 1238 618 1317 quin
648 1238 846 1316 superioribus
866 1240 951 1300 bellis
971 1242 1088 1317 probati
1109 1244 1147 1302 ad

158 1339 335 1398 obtinendos
363 1339 505 1397 exercitus
533 1347 712 1410 evocentur,
739 1335 770 1394 in
799 1357 830 1396 se
858 1357 919 1397 uno
943 1357 1005 1398 non
1029 1340 1145 1413 servari,
1164 1362 1200 1399 10

157 1436 238 1510 quod
263 1433 300 1495 sit
324 1434 462 1494 omnibus
486 1435 588 1493 datum
612 1453 729 1510 semper
752 1432 985 1510 imperatoribus,
1006 1446 1039 1495 ut
1059 1438 1147 1496 rebus

157 1531 278 1590 feliciter
297 1531 386 1608 gestis
407 1542 458 1590 aut
478 1549 547 1588 cum
567 1530 680 1588 honore
699 1527 800 1604 aliquo
819 1540 871 1588 aut
887 1541 967 1589 certe
985 1531 1049 1591 sine
1067 1533 1147 1610 igno

158 1624 249 1683 minia
269 1626 392 1685 domum
414 1633 595 1683 revertantur
619 1621 836 1699 exercitumque
858 1621 1017 1684 dimittant
1062 1628 1146 1700 Quae
1164 1649 1196 1686 11

158 1733 258 1781 tamen
277 1721 377 1782 omnia
396 1733 425 1782 et
440 1741 472 1780 se
485 1719 587 1779 tulisse
600 1718 745 1796 patienter
758 1731 788 1779 et
802 1739 867 1780 esse
881 1722 1028 1796 laturum,
1049 1742 1146 1799 neque

157 1839 236 1879 nunc
255 1819 286 1879 id
305 1838 399 1896 agere,
414 1829 448 1877 ut
465 1819 503 1877 ab
523 1815 578 1875 illis
597 1817 760 1876 abductum
779 1818 941 1877 exercitum
960 1829 1059 1878 teneat
1072 1819 1144 1896 ipse,

157 1917 239 1991 quod
260 1927 360 1986 tamen
381 1914 436 1974 sibi
457 1913 575 1973 difficile
595 1932 659 1972 non
677 1912 722 1986 sit,
737 1915 791 1972 sed
807 1933 846 1972 ne
864 1913 906 1973 illi
927 1916 1063 1990 habeant,
1085 1937 1146 1993 quo

157 2026 260 2074 contra
278 2034 310 2073 se
328 2013 371 2072 uti
388 2013 512 2089 possint.
555 2010 693 2081 Proinde,
708 2022 740 2069 ut
760 2022 837 2071 esset
851 2010 974 2084 dictum,
989 2013 1145 2089 provinciis
1164 2038 1197 2075 12

157 2112 333 2170 excederent
354 2109 571 2184 exercitumque
591 2107 790 2181 dimitterent;
818 2107 843 2168 si
863 2108 895 2168 id
916 2108 954 2168 sit
973 2111 1092 2183 factum,
1114 2133 1146 2174 se

156 2206 322 2267 nociturum
337 2203 455 2264 nemini.
500 2206 589 2262 Hanc
603 2223 693 2263 unam
707 2214 797 2279 atque
811 2216 971 2265 extremam
986 2225 1049 2266 esse
1063 2210 1145 2284 pacis

155 2304 369 2364 condicionem.

216 2402 385 2460 LXXXVI.
428 2400 466 2458 Id
493 2419 562 2458 vero
593 2397 734 2458 militibus
766 2399 821 2459 luit
848 2412 1017 2477 pergratum
1044 2415 1075 2463 et
1104 2404 1174 2464 iu-r

155 2499 295 2571 cundum,
317 2507 350 2556 ut
371 2515 407 2555 ex
427 2495 491 2574 ipsa
511 2495 723 2572 significatione
744 2495 884 2572 cognosci
905 2496 1009 2573 potuit,
1032 2511 1072 2570 ut,
1094 2500 1145 2576 qui

155 2594 267 2671 aliquid
295 2592 363 2654 iusti
390 2591 572 2652 incommodi
597 2591 854 2668 exspectavissent,
877 2594 954 2653 ultro
981 2597 1144 2671 praemium

155 2690 302 2750 missionis
321 2691 437 2750 ferrent.
480 2691 559 2747 Nam
579 2708 648 2747 cum
669 2690 793 2748 deloco
813 2701 843 2748 et
864 2701 999 2766 ternpore
1019 2690 1082 2750 eius
1104 2693 1175 2752 reia

154 2787 353 2848 controversia
366 2787 527 2860 inferretur,
543 2795 572 2846 et
587 2805 660 2845 voce
673 2797 703 2846 et
716 2785 853 2846 manibus
866 2787 993 2847 universi
1007 2807 1044 2848 ex
1057 2791 1145 2866 va110,

155 2883 206 2943 ubi
230 2883 428 2955 constiterant,
451 2881 614 2958 significare
642 2893 811 2958 coeperunt,
833 2894 866 2942 ut
893 2883 991 2943 statim
1019 2884 1145 2946 dimitte-

154 2991 261 3052 rentur,
283 2999 379 3055 neque
400 2978 483 3038 omni
503 2977 677 3054 interposita
700 2978 759 3037 fide
780 2979 896 3037 firmum
920 3000 984 3040 esse
1004 3001 1101 3057 posse,
1120 2983 1144 3042 si

153 3077 184 3136 in
201 3077 282 3136 aliud
301 3088 419 3152 tempus
436 3076 607 3135 differretur.
649 3073 754 3134 Paucis
771 3094 840 3134 cum
854 3088 931 3136 esset
945 3076 976 3135 in
989 3089 1144 3155 utramque
1158 3099 1175 3155 3

153 3185 267 3250 partem
288 3171 385 3232 verbis
405 3171 596 3248 disputatum,
610 3190 657 3230 res
671 3172 731 3229 huc
747 3171 911 3243 deducitur,
926 3183 959 3231 ut
973 3172 1008 3245 ei,
1023 3174 1075 3249 qui
1095 3176 1144 3232 ha-

152 3272 245 3330 beant
258 3268 439 3329 domicilium
454 3279 505 3327 aut
519 3267 737 3344 possessionem
750 3266 781 3326 in
794 3267 949 3342 Hispania,
962 3269 1069 3339 statim,
1080 3269 1144 3327 reli-

153 3364 204 3441 qui
217 3366 256 3424 ad
269 3366 381 3424 Varum
396 3366 505 3423 flumen
516 3361 701 3421 dimittantur
704 3382 714 3434 3
733 3360 855 3436 nequid
869 3361 911 3419 eis
924 3372 1071 3428 noceatur,
1084 3379 1142 3418 neu
1156 3380 1176 3434 4

152 3461 219 3538 quis
232 3460 340 3519 invitus
355 3471 571 3519 sacramentum
586 3458 685 3516 dicere
698 3468 828 3531 cogatur,
843 3475 860 3513 a
876 3457 1000 3512 Caesare
1013 3467 1140 3511 cavetur.
