2625 3834
168 246 205 299 40
447 222 514 281 DE
540 221 690 278 aaran
720 218 865 276 σίγα]

168 378 375 454 imperatorem
398 392 484 432 suum
504 368 677 431 adversariis
697 371 737 428 ad
757 367 935 445 supplicium
956 370 1083 442 tradant,
1104 370 1159 428 ob-

137 483 268 535 asecrat
311 471 359 531 Fit
386 468 519 531 celeriter
545 486 706 527 concursus
728 467 759 525 in
784 466 972 542 praetorium.
1004 467 1158 534 Postulat,

167 581 201 630 ut
226 568 321 628 iurent
347 585 460 640 omnes,
482 584 514 625 se
538 559 699 623 exercitum
727 564 877 638 ducesque
905 583 966 624 non
992 564 1159 623 deserturos

167 686 265 743 neque
283 665 458 742 prodituros,
472 681 571 739 neque
588 660 644 722 sibi
663 660 820 737 separatim
839 681 858 720 a
870 660 990 737 reliquis
1003 659 1158 720 consilium
1219 649 1221 653 ’

136 774 314 840 μαρωτοε.
358 761 499 836 Princeps
522 759 553 818 in
578 760 652 819 haec
676 759 766 818 verba
788 757 863 817 iurat
887 757 969 834 ipse;
995 756 1075 818 idem
1099 759 1158 819 ius-

168 859 323 916 iurandum
345 856 436 932 adigit
456 853 611 914 Afranium
622 874 631 926 ;
659 854 878 928 subsequuntur
902 851 1010 912 tribuni
1033 853 1159 913 militum

168 953 412 1029 centurionesque
422 974 431 1026 ;
451 951 637 1017 centuriatim
659 950 797 1026 producti
817 950 925 1011 milites
949 950 1029 1011 idem
1053 939 1156 1011 iurant

136 1051 307 1125 4Edicunt,
322 1069 414 1127 penes
430 1068 519 1125 quem
538 1047 665 1124 quisque
684 1049 721 1107 sit
741 1047 875 1109 Caesaris
893 1048 987 1120 miles,
1003 1059 1035 1108 ut
1053 1049 1159 1124 produ·

160 1159 267 1228 catur:
303 1146 464 1222 productos
494 1146 594 1221 palam
626 1144 659 1203 in
685 1143 832 1219 praetorio
864 1143 1050 1204 interficiunt.
1099 1145 1159 1204 Sed

169 1245 325 1320 plerosque
345 1244 382 1314 ei,
403 1241 455 1317 qui
479 1252 661 1318 receperant,
683 1244 782 1302 celant
804 1251 954 1317 noctuque
976 1260 1029 1317 per
1049 1243 1159 1300 vallum

139 1359 153 1416 5
170 1339 314 1398 emittunt
358 1338 405 1397 Sic
426 1348 534 1397 terrore
555 1340 658 1396 oblato
679 1357 697 1396 a
718 1336 845 1396 ducibus
864 1335 1021 1396 crudelitas
1041 1335 1072 1394 in
1092 1355 1160 1412 sup·

170 1437 268 1514 plicio,
283 1455 362 1496 nova
379 1434 482 1512 religio
497 1434 567 1493 iuris
583 1433 699 1493 iurandi
718 1453 803 1510 spem
818 1432 981 1510 praesentis
1000 1432 1160 1493 deditionis

170 1532 285 1593 sustulit
305 1542 480 1608 mentesque
501 1530 626 1590 militum
648 1529 792 1590 convertit
814 1541 843 1590 et
862 1550 925 1591 rem
945 1531 985 1589 ad
1008 1530 1160 1607 pristinam

170 1630 240 1690 belli
249 1630 397 1694 rationem
411 1628 530 1705 redegit

141 1748 153 1786 1
231 1727 386 1784 LXXVII.
430 1726 548 1796 Caesar,
568 1723 619 1799 qui
637 1722 745 1782 milites
762 1722 995 1783 adversariorum
1013 1722 1046 1781 iu
1066 1710 1161 1782 castra

171 1842 223 1900 per
243 1833 360 1898 tempus
380 1819 521 1896 colloquii
541 1831 691 1890 venerant,
714 1838 829 1876 summa
852 1818 1004 1895 diligentia
1026 1819 1160 1895 conquiri
1240 1891 1246 1911 ι

140 1931 201 1980 aet
226 1919 335 1979 remitti
362 1918 451 1978 iubet.
509 1918 567 1977 Sed
595 1935 632 1976 ex
662 1935 787 1976 numero
819 1916 1002 1976 tribunorum
1034 1916 1160 1976 militum

171 2013 435 2090 centurionumque
456 2032 518 2072 non
536 2011 609 2070 nulli
627 2031 681 2072 sua
699 2013 852 2071 voluntate
872 2012 953 2088 apud
967 2031 1036 2071 eum
1049 2031 1161 2071 reman-

171 2121 278 2172 serunt.
322 2111 407 2184 Quos
427 2109 476 2168 ille
497 2119 602 2184 postea
621 2126 732 2184 magno
755 2107 785 2166 in
810 2109 924 2167 honore
946 2107 1066 2180 habuit;
1094 2129 1161 2168 cen·

172 2208 300 2268 turiones
314 2207 344 2265 in
359 2206 470 2283 priores
484 2205 612 2279 ordines
628 2205 742 2281 equites
757 2207 912 2265 Romanos
927 2207 957 2264 iu
972 2206 1161 2266 tribunicium

170 2304 294 2366 restituit
307 2307 459 2365 honorem.

142 2424 153 2460 1
231 2402 406 2461 LXXVIII.
451 2402 665 2460 Premebantur
685 2399 837 2460 Afraniani
857 2400 1056 2477 pabulatione,
1073 2421 1162 2476 aqua-

172 2500 279 2559 bantur
305 2517 399 2574 aegre.
452 2497 603 2556 Frumenti
630 2497 747 2573 copiam
781 2495 934 2574 legionarii
960 2517 1023 2556 non
1049 2499 1161 2556 nullam

172 2596 329 2667 habebant,
352 2595 434 2669 quod
457 2591 571 2652 dierum
598 2609 669 2650 xxrr
696 2594 735 2652 ab
764 2593 862 2653 Ilerda
889 2593 1067 2652 frumentum
1091 2591 1161 2652 iussi

141 2703 254 2752 aerant
282 2693 392 2762 efferre,
414 2690 516 2751 cetrati
543 2689 756 2766 auxiliaresque
783 2691 903 2761 nullam,
925 2708 1052 2764 quorum
1079 2700 1161 2749 erant

172 2798 202 2846 et
221 2788 374 2846 facultates
395 2786 434 2845 ad
455 2786 619 2861 parandum
645 2785 767 2860 exiguae
791 2795 821 2843 et
844 2803 968 2860 corpora
987 2784 1103 2844 insueta
1122 2786 1162 2844 ad

173 2899 262 2940 onera
285 2880 437 2957 portanda
483 2881 588 2955 Itaque
613 2899 738 2956 magnus
762 2898 863 2938 eorum
889 2878 1008 2960 cotidie
1023 2899 1161 2939 numerus

139 2977 384 3052 3ad'Caesarem
401 2973 592 3052 perlugiebat.
636 2977 674 3033 In
694 2974 740 3034 his
761 2986 822 3034 erat
845 2974 987 3051 angustiis
1006 2961 1074 3034 ress
1102 2977 1162 3037 Sed

173 3091 209 3132 ex
225 3072 383 3148 propositis
402 3071 531 3131 consiliis
552 3073 671 3131 duobus
685 3071 851 3148 explicitius
865 3071 1020 3131 videbatur
1034 3072 1161 3131 Ilerdam

172 3167 284 3240 reverti,
302 3169 382 3244 quod
403 3166 445 3228 ibi
466 3171 589 3244 paulum
610 3168 749 3228 frumenti
770 3167 956 3244 reliquerant.
1000 3166 1047 3227 Ibi
1068 3187 1100 3227 se
1120 3187 1162 3226 re-

139 3263 284 3338 4liquum
298 3263 453 3323 consilium
468 3264 665 3339 explicaturos
679 3264 878 3324 confidebant.
913 3265 1043 3322 Tarraco
1061 3265 1163 3323 aberat

170 3359 285 3433 longius
295 3380 304 3430 ;
323 3378 385 3435 quo
405 3360 501 3435 spatio
522 3361 619 3434 plures
639 3379 706 3418 rem·
723 3379 810 3436 posse
829 3379 915 3419 casus
932 3360 1062 3436 recipere
1080 3362 1163 3420 intel·

173 3453 317 3529 legebant.
360 3455 431 3510 Hoc
452 3454 578 3528 probato
599 3454 725 3542 consilio
746 3475 783 3514 ex
802 3456 904 3514 castris
927 3454 1160 3539 proficiscuntur.
