2625 3834
191 197 227 252 18
475 198 542 253 DE
567 197 718 254 BELLO
747 199 797 255 CI
798 198 893 254 VILI

188 346 428 424 imparatissimus
444 365 506 406 non
520 346 718 407 necessarium
731 349 841 407 bellum
856 349 1033 423 suscepisset
1046 359 1076 408 et
1090 349 1129 407 ab
1143 366 1177 407 se

187 441 364 519 reliquisque
379 441 409 500 in
421 452 524 501 senatu
539 442 734 518 interrogatus
748 442 848 502 omnia
862 441 918 503 sibi
933 463 998 504 esse
1011 445 1052 504 ad
1065 444 1177 503 bellum

187 549 257 614 apta
274 557 310 596 ac
328 547 430 613 parata
448 537 689 598 confirmavisset
734 540 821 598 Haec
841 537 873 596 in
893 537 1034 599 contione
1054 547 1177 614 questus

187 653 224 694 ex
236 632 387 710 provincia
399 634 479 710 sugit

158 750 171 790 1
247 731 361 788 XXXI.
405 728 494 790 Nacti
513 749 620 790 uacuas
641 731 681 789 ab
701 727 831 806 imperiis
849 727 1013 790 Sardiniam
1032 729 1176 802 Valerius,

156 825 278 886 2Curio
305 823 432 886 Siciliam
459 844 528 884 curn
556 825 734 885 exercitibus
761 844 799 886 eo
822 825 1004 902 perveniunt
1046 826 1176 899 Tubero,

187 941 255 982 cum
273 921 304 981 in
322 922 451 981 Africam
470 917 608 996 venisset,
622 921 736 982 invenit
753 921 785 980 in
803 921 955 998 provincia
970 942 1039 981 cum
1053 921 1178 998 imperio

187 1018 303 1080 Attium
313 1021 439 1091 Varum3
459 1019 509 1096 qui
523 1020 563 1079 ad
576 1017 746 1091 Auximum,
755 1030 788 1078 ut
802 1038 890 1095 supra
899 1018 1176 1092 demonstravimus,

187 1115 301 1177 amissis
320 1115 492 1176 cohortibus
510 1117 644 1192 protinus
663 1135 700 1176 ex
718 1116 787 1192 fuga
805 1115 835 1174 in
857 1114 986 1174 Africam
1005 1125 1179 1192 pervenerat

187 1224 277 1291 atque
308 1233 374 1274 earn
405 1232 459 1273 sua
489 1224 597 1290 sponte
628 1229 752 1274 vacuam
780 1224 976 1290 occupaverat
1009 1213 1179 1288 dilectuque

187 1310 290 1371 habito
308 1311 382 1370 duas
400 1308 531 1388 legiones
548 1313 694 1384 effecerat,
708 1311 864 1371 hominurn
882 1320 912 1369 et
926 1312 1059 1368 locorum
1074 1307 1179 1368 notitia

187 1419 217 1468 et
238 1426 293 1466 usu
314 1406 377 1468 eius
397 1406 567 1484 provinciae
587 1420 692 1468 nactus
710 1407 809 1468 aditus
827 1407 865 1466 ad
884 1427 920 1467 ea
935 1406 1080 1478 conanda,
1096 1406 1181 1482 quod
1227 1415 1233 1420 “
1301 1390 1302 1457 ζ

187 1503 289 1582 paucis
307 1516 377 1564 ante
394 1502 480 1564 annis
500 1524 537 1565 ex
557 1517 693 1582 praetura
711 1525 777 1566 eam
797 1504 981 1581 provinciam
1001 1505 1177 1565 obtinuerat.

155 1601 250 1678 3Hic
273 1600 442 1661 venientem
468 1600 588 1662 Uticam
611 1601 737 1661 navibus
761 1603 951 1661 Tuberonem
976 1611 1064 1677 portu
1088 1611 1179 1676 atque

188 1695 302 1774 oppido
320 1695 456 1773 prohibet
473 1715 571 1772 neque
587 1697 725 1755 affectum
743 1695 911 1756 valetudine
924 1695 1017 1754 lilium
1030 1715 1179 1773 exponere

188 1792 220 1853 in
247 1805 324 1855 terra
349 1793 466 1871 patitur,
494 1795 548 1854 sed
575 1793 697 1853 sublatis
724 1793 840 1854 ancoris
868 1795 1010 1854 excedere
1042 1812 1078 1854 eo
1110 1795 1180 1854 loco

189 1888 275 1966 cogit.

160 2003 173 2044 r
249 1986 383 2043 XXXII.
426 1984 484 2044 His
517 1985 604 2045 rebus
638 1984 781 2044 confectis
816 1987 933 2057 Caesar,
967 1995 1000 2045 ut
1033 1984 1180 2061 reliquum

190 2091 307 2156 tempus
327 2099 346 2140 a
365 2081 465 2139 labore
486 2080 732 2154 intermitteretur,
754 2080 861 2142 milites
882 2081 912 2140 in
932 2081 1066 2158 proxima
1086 2083 1181 2143 muni-

159 2177 268 2252 acipia
286 2176 406 2236 deducit
415 2198 425 2249 3
445 2176 508 2254 ipse
526 2178 565 2236 ad
583 2180 687 2238 urbem
701 2177 902 2255 proficiscitur.
946 2179 1062 2239 Coacto
1074 2190 1181 2239 senatu

190 2273 309 2332 iniurias
327 2271 512 2332 inimicomm
530 2284 751 2334 commemorat
795 2277 901 2346 Docet,
915 2294 948 2334 se
961 2276 1075 2334 nullum
1088 2286 1181 2336 extra·

191 2369 370 2430 ordinarium
399 2369 543 2429 honorem
574 2369 731 2446 appetisse,
758 2371 812 2430 sed
843 2382 1015 2447 exspectato
1048 2372 1181 2450 legitimo

193 2477 325 2543 tempore
352 2465 522 2524 consulatus
550 2483 587 2524 eo
612 2465 703 2524 fuisse
730 2476 913 2539 contentum,
935 2468 1016 2541 quod
1040 2469 1181 2530 omnibus

159 2563 305 2641 3civibus
330 2572 452 2638 pateret
495 2563 603 2620 Latum
626 2564 666 2622 ab
694 2579 717 2620 x
742 2561 867 2622 tribunis
893 2562 991 2639 plebis
1014 2574 1117 2624 contra
1140 2565 1182 2625 di·

193 2660 328 2721 centibus
355 2659 489 2733 inimicis,
517 2661 633 2720 Catone
665 2678 735 2718 vero
767 2658 909 2719 acerrime
936 2672 1119 2737 repugnante
1150 2672 1182 2722 et

193 2756 316 2834 pristina
331 2753 545 2816 consuetudine
564 2753 684 2814 dicendi
703 2774 786 2814 mora
804 2755 867 2815 dies
885 2757 1066 2830 extrahente,
1085 2768 1118 2816 ut
1136 2757 1182 2819 sui

193 2855 268 2912 ratio
295 2851 424 2912 absentis
451 2852 615 2924 haberetur,
643 2849 710 2928 ipso
737 2854 860 2912 consule
887 2853 1053 2929 Pompei03
1079 2854 1130 2940 qui
1157 2854 1182 2915 si

194 2945 397 3023 improbasset,
419 2964 470 3003 cur
497 2943 563 3004 ferri
586 2964 691 3022 passus
716 2949 815 3006 esset?
842 2946 866 3005 si
890 2950 1052 3024 probasset,
1075 2969 1183 3011 curse

162 3042 238 3116 auti
268 3041 371 3118 populi
404 3040 549 3102 beneficio
582 3039 801 3117 prohibuisset?
836 3042 1011 3103 Patientiam
1045 3046 1185 3122 proponit

196 3155 288 3208 suam,
308 3154 376 3195 cum
397 3137 436 3196 de
456 3134 630 3196 exercitibus
654 3135 838 3197 dimittendis
861 3140 938 3198 ultro
960 3141 1185 3219 postulavisset,

195 3232 300 3306 inquo
316 3228 455 3288 iacturam
469 3229 619 3306 dignitatis
633 3242 724 3308 atque
737 3231 858 3292 honoris
876 3231 940 3309 ip'se
953 3235 1083 3296 facturus
1095 3249 1183 3301 esset.

163 3341 180 3403 5
197 3322 395 3384 Acerbitatem
409 3323 595 3382 inImicorum
609 3326 707 3398 docet,
721 3327 781 3402 qui,
793 3329 880 3402 quod
893 3327 932 3387 ab
947 3330 1040 3390 altero
1056 3335 1186 3408 postula·

195 3432 269 3493 rent,
296 3419 328 3478 in
355 3437 386 3476 se
414 3430 581 3479 recusarent
607 3432 698 3497 atque
725 3423 826 3484 omnia
857 3424 1026 3500 permisceri
1052 3430 1185 3509 mallent,
