2625 3834
349 192 433 250 ΜΒ.
461 193 489 249 I.
535 192 627 250 CAP.
656 191 872 248 XXIV-XX
876 191 923 248 VI.
1103 209 1136 266 15

149 343 208 417 bat,
223 345 303 420 quod
318 343 363 403 his
377 343 450 403 locis
465 353 526 403 erat
539 343 787 402 vadosum-mare.
811 341 941 418 Longius
954 361 1131 419 progressus,
1153 345 1172 402 6

149 459 217 499 cum
238 458 325 515 agger
338 437 441 498 altiore
454 457 531 513 aqua
548 436 692 496 contineri
706 425 768 496 non
787 446 896 511 posset,
911 447 988 496 rates
1007 437 1139 514 duplices

149 553 381 611 quoqueversus
399 534 511 609 pedum
524 550 592 592 xxx
606 531 753 609 eregione
767 533 853 592 molis
863 533 1035 593 collocabat
1073 538 1139 595 Has
1155 554 1170 611 7

149 629 307 706 quatemis
323 629 440 689 ancoris
469 649 506 688 ex
533 645 566 686 rv
592 628 707 704 angulis
734 628 909 702 destinabat,
938 649 985 690 ne
1003 631 1140 692 fluctibus

150 736 344 786 moverentur.
388 722 446 784 His
461 722 597 801 perfectis
611 725 822 800 collocatisque
836 723 908 784 alias
922 725 1063 802 deinceps
1076 727 1139 802 pari
1154 731 1171 786 8

149 819 353 898 magnitudine
370 831 446 880 rates
465 819 613 896 iungebat
659 821 724 878 Has
741 830 817 880 terra
833 830 924 896 atque
944 840 1048 897 aggere
1067 821 1172 899 inte-9

148 921 245 994 gebat,
267 937 305 978 ne
325 918 422 977 aditus
443 927 532 993 atque
553 915 687 975 incursus
707 917 746 976 ad
771 917 992 977 defendendum
1016 917 1139 994 impedi-

149 1024 226 1074 retur
235 1036 244 1088 ;
264 1034 282 1073 a
302 1015 398 1074 fronte
418 1024 508 1089 atque
528 1014 567 1073 ab
586 1021 713 1088 utroque
731 1014 821 1073 latere
838 1013 967 1072 cratibus
983 1033 1019 1072 ac
1031 1014 1139 1090 pluteis

149 1113 337 1189 protegebat3
358 1111 389 1170 in
410 1121 514 1188 quarta
534 1129 652 1187 quaque
673 1129 773 1170 earum
794 1121 887 1171 turres
907 1110 1043 1171 binorum
1057 1115 1141 1172 tabu·
1156 1134 1193 1173 10

149 1211 275 1269 latorum
289 1207 444 1279 excitabat,
466 1227 527 1283 quo
547 1206 735 1266 commodius
754 1207 793 1266 ab
818 1207 932 1285 impetu
955 1207 1073 1268 navium
1094 1210 1138 1268 in-

149 1305 322 1381 cendiisque
336 1306 516 1366 defenderet

210 1404 324 1463 XXVI.
367 1405 479 1464 Contra
489 1402 563 1462 haec
575 1401 735 1479 Pompeius
746 1422 837 1462 naves
848 1421 969 1480 magnas
983 1403 1138 1479 onerarias,
1156 1426 1169 1462 r

111 1539 115 1547 ·
150 1520 223 1577 quas
242 1501 274 1559 in
293 1511 380 1576 portu
406 1499 583 1560 Brundisino
611 1501 856 1576 deprehenderat,
878 1501 1048 1561 adornabat.
1092 1502 1139 1562 Ibi

150 1607 242 1658 turres
255 1617 323 1657 cum
342 1597 432 1657 ternis
450 1595 588 1656 tabulatis
604 1597 734 1673 erigebat
748 1616 859 1673 easque
873 1598 971 1657 multis
985 1598 1139 1659 tormentis

150 1705 180 1755 et
193 1694 274 1754 omni
287 1713 393 1771 genere
412 1696 538 1754 telorum
552 1697 716 1770 completas
730 1696 769 1754 ad
788 1715 878 1771 opera
892 1695 1025 1756 Caesaris
1042 1700 1140 1775 appel-

150 1792 238 1864 lebat,
259 1801 291 1850 ut
314 1801 390 1850 rates
414 1801 615 1867 perrumperet
638 1801 730 1866 atque
754 1811 844 1868 opera
867 1791 1048 1854 disturbaret
1091 1793 1139 1853 Sic

151 1887 259 1947 cotidie
286 1888 433 1964 utrimque
461 1887 576 1947 eminus
603 1888 709 1961 fundis,
732 1888 844 1966 sagittis
870 1888 1048 1966 reliquisque
1073 1890 1139 1952 telis

150 1986 340 2061 pugnabatur.
384 1988 484 2062 Atque
500 1986 574 2046 haec
592 1989 703 2047 Caesar
718 1985 760 2051 ita
780 1986 1011 2061 administrabat,
1026 1999 1058 2048 ut
1072 2007 1170 2048 con-a
1232 1992 1238 1994 ⁷

150 2079 281 2140 diciones
307 2078 388 2157 pacis
415 2079 607 2141 dimittendas
634 2101 697 2142 non
729 2081 924 2160 existimaret;
960 2104 996 2143 ac
1022 2085 1140 2146 tametsi

149 2197 257 2254 magno
280 2197 371 2256 opere
398 2178 603 2246 admirabatur,
627 2179 771 2256 Magium,
793 2199 883 2256 quem
910 2181 950 2240 ad
964 2181 1138 2259 Pompeium

149 2293 217 2334 curn
231 2274 378 2334 mandatis
392 2274 519 2348 miserat,
531 2276 571 2334 ad
585 2295 617 2336 se
631 2295 693 2336 non
708 2276 824 2348 remitti,
839 2288 929 2353 atque
942 2296 978 2336 ea
991 2298 1037 2338 res
1050 2299 1140 2356 saepe

148 2380 292 2447 temptata
303 2371 357 2430 etsi
368 2371 494 2448 impetus
509 2371 572 2432 eius
586 2371 769 2450 consiliaque
780 2374 923 2446 tardabat,
935 2384 1035 2434 tamen
1049 2376 1140 2435 omni-

150 2471 204 2528 bus
218 2471 306 2528 rebus
326 2469 357 2528 in
371 2489 408 2529 eo
422 2472 669 2547 perseverandum
683 2474 814 2547 putabat.
860 2473 965 2546 Itaque
981 2473 1140 2533 Caninium
1154 2497 1171 2550 3

98 2573 101 2584 '
149 2565 288 2625 Rebilum
310 2569 449 2643 legatum,
469 2569 642 2629 familiarem
665 2567 919 2643 necessariumque
938 2569 1072 2629 Scriboni
1091 2571 1138 2630 Li-

147 2662 243 2736 bonis,
259 2661 347 2724 mittit
367 2665 406 2723 ad
425 2683 492 2724 eum
511 2663 652 2742 colloquii
672 2684 761 2724 causa
769 2689 779 2741 ;
799 2666 930 2737 mandat,
946 2675 979 2724 ut
993 2666 1139 2726 Libonem

148 2760 187 2819 de
207 2759 393 2820 concilianda
410 2781 486 2838 pace
504 2763 655 2837 hortetur;
675 2760 827 2838 imprimis,
841 2773 873 2820 ut
890 2761 954 2838 ipse
972 2781 1040 2821 cum
1054 2765 1140 2822 Pom-

147 2855 217 2931 peio
237 2858 459 2933 colloqueretur,
478 2861 626 2935 postulat3
653 2878 763 2935 magno
787 2878 877 2935 opere
901 2879 966 2920 sese
991 2861 1172 2934 confidere4

147 2953 339 3024 demonstrat,
362 2952 386 3012 si
411 2954 473 3014 eius
497 2955 538 3014 rei
564 2955 601 3014 sit
623 2965 753 3031 potestas
777 2956 863 3028 facta,
886 2957 956 3030 sore,
979 2966 1012 3015 ut
1038 2958 1140 3034 aequis

147 3046 374 3107 condicionibus
393 3049 432 3107 ab
453 3049 541 3109 armis
558 3049 728 3109 discedatur
736 3072 744 3125 ;
766 3049 850 3110 cuius
866 3049 907 3110 rei
922 3070 1059 3128 magnam
1074 3073 1139 3130 par-

147 3153 208 3200 tem
229 3141 324 3202 laudis
345 3153 435 3218 atque
456 3143 680 3205 existimationis
700 3146 740 3206 ad
756 3144 904 3206 Libonem
922 3159 1138 3224 perventuram,

147 3232 241 3292 siillo
255 3244 374 3294 auctore
393 3245 482 3310 atque
500 3248 606 3312 agente
626 3239 666 3296 ab
684 3237 772 3296 armis
793 3237 830 3297 sit
850 3239 1021 3299 discessum.
1063 3240 1139 3298 Libo
1154 3258 1170 3317 5

147 3347 166 3387 a
188 3331 339 3403 colloquio
363 3330 470 3393 Canini
498 3332 643 3408 digressus
670 3335 710 3394 ad
735 3334 910 3409 Pompeium
937 3333 1136 3409 proficiscitur.

148 3426 241 3485 Paulo
263 3437 330 3504 post
351 3428 507 3497 renuntiat,
528 3431 610 3507 quod
631 3433 767 3492 consules
789 3430 896 3500 absint,
914 3429 976 3486 sine
998 3429 1054 3487 illis
1076 3446 1137 3489 non
