2625 3834
158 123 210 236 ¹34
452 163 519 222 oa
545 165 695 225 Burro
726 168 870 226 crunt

171 316 252 374 adire
273 327 362 392 atque
383 318 545 390 obsecrare,
564 329 595 376 ut
616 337 670 393 per
690 339 742 377 eos
765 323 874 379 Caesar
890 320 996 380 certior
1017 323 1107 392 tieret,
1124 341 1163 382 ne
1197 387 1200 400 ¹

172 412 266 473 labori
284 433 339 472 suo
358 433 415 472 neu
435 413 566 488 periculo
588 427 739 489 parceret:
760 429 877 492 paratos
898 437 962 477 esse
984 438 1055 491 sese,
1075 439 1163 494 posse

172 521 201 568 et
217 510 326 569 audere
344 528 379 568 ea
396 508 517 568 transire
532 510 650 581 flumen,
667 530 727 586 qua
741 512 892 570 traductus
909 524 986 572 esset
1004 513 1162 588 equitatus.

139 605 308 678 4Quorum
333 604 433 664 studio
458 615 487 664 et
512 604 637 664 vocibus
662 605 804 666 excitatus
826 609 945 678 Caesar,
965 608 1020 667 etsi
1041 608 1163 669 timebat

172 712 270 760 tantae
292 700 487 777 magnitudini
508 701 635 760 fluminis
660 702 819 762 exercitum
844 706 970 776 obicere,
992 707 1162 766 conandum

139 810 272 876 stamen
307 809 396 874 atque
430 797 643 875 experiendum
677 798 795 860 iudicat.
852 803 957 876 Itaque
991 800 1163 861 infirmiores

173 897 279 957 milites
308 913 347 956 ex
376 895 514 955 omnibus
545 895 684 956 centuriis
717 895 805 973 deligi
837 895 928 969 iubet,
956 916 1080 973 quorum
1112 909 1163 957 aut

139 999 158 1054 6
172 994 289 1054 animus
303 1004 354 1053 aut
368 993 442 1053 vires
456 992 631 1053 videbantur
645 993 790 1054 sustinere
803 1014 864 1053 non
881 1014 976 1070 posse.
1014 997 1080 1054 Hos
1089 1015 1163 1055 cum

172 1090 288 1166 legione
315 1109 375 1148 una
402 1088 548 1165 praesidio
576 1088 678 1149 castris
701 1088 857 1165 relinquit;
883 1091 1009 1166 reliquas
1033 1090 1163 1167 legiones

173 1184 324 1263 expeditas
343 1183 442 1245 educit
461 1203 628 1260 magnoque
647 1204 772 1245 numero
790 1183 985 1246 iumentorum
999 1185 1030 1245 in
1044 1187 1164 1248 flumine

142 1301 157 1360 7
173 1301 261 1358 supra
280 1292 370 1357 atque
390 1281 465 1340 infra
483 1279 644 1340 constituto
664 1281 790 1341 traducit
808 1282 975 1342 exercitum.
1019 1283 1110 1342 Pauci
1128 1304 1164 1343 ex

173 1381 219 1440 his
236 1379 376 1439 militibus
395 1377 510 1455 abrepti
529 1378 558 1437 vi
578 1377 706 1438 fluminis
724 1380 763 1438 ab
780 1381 911 1456 equitatu
930 1379 1115 1456 excipiuntur
1128 1401 1165 1440 ac

174 1478 379 1549 sublevantur;
399 1474 497 1534 interit
512 1487 611 1534 tamen
626 1494 723 1534 nemo
766 1477 918 1536 Traducto
932 1476 1073 1536 incolumi
1086 1496 1164 1536 exer·

142 1579 159 1634 8
174 1575 234 1636 citu
254 1575 354 1652 copias
372 1574 489 1634 instruit
508 1573 713 1650 triplicemque
730 1573 825 1635 aciem
843 1575 951 1635 ducere
963 1574 1076 1651 incipit.
1118 1579 1164 1634 Ac

175 1686 287 1734 tantum
308 1673 361 1733 suit
379 1673 410 1732 in
429 1671 569 1732 militibus
588 1672 685 1744 studii,
701 1684 734 1733 ut
747 1673 860 1732 milium
875 1695 927 1734 sex
940 1676 979 1734 ad
994 1673 1048 1734 iter
1061 1672 1164 1734 addito

174 1770 296 1831 circuitu
315 1789 479 1846 magnaque
498 1770 537 1828 ad
556 1771 665 1830 vadum
680 1768 809 1828 fluminis
823 1789 905 1828 mora
918 1769 1089 1846 interposita
1103 1790 1164 1842 eos,

175 1869 226 1945 qui
248 1871 286 1930 de
312 1869 396 1928 tertia
420 1866 517 1944 vigilia
541 1865 676 1939 exissent,
699 1878 769 1926 ante
792 1867 894 1926 horam
919 1865 977 1926 diei
1004 1886 1037 1925 ix
1064 1886 1165 1927 conse-

174 1975 338 2041 querentur.

147 2083 158 2120 ι
235 2062 325 2118 LXV.
368 2063 451 2134 Quos
480 2059 530 2120 ubi
557 2058 697 2119 Afranius
724 2061 828 2135 procul
851 2059 930 2119 visos
957 2079 1024 2118 cum
1050 2059 1165 2119 Petreio

176 2159 336 2235 conspexit,
358 2179 435 2218 nova
462 2178 493 2218 re
520 2158 689 2234 perterritus
717 2156 789 2216 locis
813 2156 1010 2233 superioribus
1034 2157 1167 2219 constitit

145 2277 160 2314 2
177 2254 329 2330 aciemque
348 2253 470 2313 instruit.
515 2257 624 2314 Caesar
643 2253 673 2312 in
693 2251 803 2329 campis
823 2255 982 2313 exercitum
997 2254 1107 2324 refecit,
1127 2274 1166 2314 ne

178 2351 323 2410 defessum
348 2349 460 2426 proelio
485 2348 612 2422 obiciat,
639 2368 737 2407 rursus
761 2360 904 2409 conantes
928 2350 1065 2426 progredi
1092 2351 1166 2409 inse

145 2445 274 2522 3quitur
301 2456 330 2506 et
357 2457 493 2505 moratur.
538 2444 585 2504 llli
610 2445 781 2512 necessario.
805 2445 956 2517 maturius,
982 2465 1070 2521 quam
1098 2467 1167 2508 cou-

178 2544 339 2614 stituerant,
367 2555 461 2603 castra
487 2554 611 2619 ponunt.
653 2545 799 2603 Suberant
826 2543 906 2603 enim
934 2554 1050 2603 montes
1077 2553 1167 2620 atque

178 2664 196 2702 a
223 2642 339 2702 milibus
367 2662 508 2718 passuum
537 2661 556 2699 v
579 2641 684 2701 itinera
708 2641 838 2701 difficilia
860 2652 949 2718 atque
973 2653 1097 2718 angusta
1120 2663 1168 2702 ex·

146 2739 334 2816 4cipiebant.
380 2741 447 2798 Hos
475 2752 591 2799 montes
618 2739 725 2798 intrare
753 2738 921 2815 cupiebant,
943 2748 976 2797 ut
1003 2738 1167 2815 equitatum

180 2837 338 2912 effugerent
367 2834 501 2895 Caesaris
533 2835 747 2912 praesidiisque
778 2834 809 2893 in
839 2833 981 2911 augustiis
1015 2835 1168 2896 collocatis
1239 2900 1242 2907 ,
1308 2848 1310 2860 ·

180 2931 338 2992 exercitum
359 2931 462 2992 itinere
483 2932 681 3008 prohiberent,
696 2931 752 3009 ipsi
772 2931 834 2991 sine
855 2929 987 3007 periculo
1006 2951 1042 2990 ac
1063 2931 1168 2992 timore

148 3025 328 3101 5Hiberum
356 3026 458 3102 copias
485 3028 678 3087 traducerent.
722 3027 813 3102 Quod
839 3025 894 3084 fuit
917 3023 972 3083 illis
997 3027 1169 3086 conandum

180 3132 268 3196 atque
295 3121 376 3182 omni
402 3123 515 3184 ratione
542 3123 748 3196 efficiendum,
775 3123 828 3183 sed
855 3121 946 3183 totius
979 3121 1038 3183 diei
1069 3141 1170 3199 pugna

180 3231 268 3294 atque
296 3218 405 3279 itineris
432 3223 533 3296 labore
560 3222 668 3282 defessi
693 3242 756 3282 rem
780 3220 810 3280 in
834 3209 984 3298 posterum
1010 3219 1089 3281 diem
1112 3220 1170 3282 dis-

182 3315 316 3373 tulerunt.
361 3317 469 3375 Caesar
483 3335 603 3392 quoque
617 3316 648 3374 in
663 3316 797 3392 proximo
811 3318 887 3376 colle
901 3327 997 3376 castra
1010 3315 1103 3392 ponit.

134 3380 172 3466 st
244 3410 351 3467 LXVI.
396 3411 499 3469 Media
526 3412 640 3471 circiter
664 3424 752 3471 nocte
777 3412 827 3483 eis,
850 3413 901 3488 qui
924 3412 1055 3487 aquandi
1079 3433 1171 3475 causa
