2625 3834
339 248 479 305 arar.
528 247 617 306 cna
647 246 960 304 rrrrrrr-rrrrrr.
1111 264 1149 318 39

158 404 332 481 concepisse
353 422 411 462 neu
433 421 501 461 suos
522 399 688 477 prodidisse
706 402 868 459 videantur.
913 401 1029 476 Quibus
1048 404 1149 461 confir-

159 500 245 560 matis
262 501 348 560 rebus
367 518 399 558 se
420 497 518 557 statim
532 497 615 573 signa
634 498 824 556 translaturos
838 499 1014 557 confirmant
1026 499 1149 574 legatos-

159 617 217 674 que
236 599 274 657 de
293 616 366 673 pace
385 593 546 673 primorum
565 592 703 655 ordinum
724 593 910 654 centuriones
930 596 970 655 ad
992 597 1149 656 Caesarem

158 695 286 754 mittunt.
346 692 470 752 Interim
504 691 552 751 alii
588 710 658 751 suos
688 691 719 752 in
753 702 849 751 castra
882 690 1026 753 invitandi
1060 712 1182 764 causa4

158 792 318 862 adducunt,
336 789 385 849 alii
404 790 442 848 ab
462 785 521 848 suis
540 788 736 860 abducuntur,
752 787 829 848 adeo
848 798 880 847 ut
899 807 959 846 una
975 798 1069 848 castra
1089 788 1148 847 iarn

159 888 236 947 sacta
255 906 291 947 ex
308 885 385 945 binis
403 885 590 957 viderentur;
611 885 836 960 compluresque
856 883 965 944 tribuni
979 883 1106 943 militum
1120 896 1149 944 et

159 983 345 1043 centuriones
369 983 408 1042 ad
432 983 591 1042 Caesarem
615 979 739 1040 veniunt
760 999 852 1056 seque
876 980 904 1040 ei
927 982 1147 1042 commendant.

160 1079 245 1137 Idem
264 1079 322 1137 hoc
341 1079 373 1137 fit
389 1097 406 1136 a
421 1074 603 1153 principibus
618 1075 793 1152 Hispaniae,
808 1095 884 1151 quos
899 1076 939 1161 illi
956 1090 1149 1139 evocaverant
1165 1096 1180 1157 5

160 1186 189 1236 et
203 1195 303 1235 secum
317 1177 348 1234 in
363 1173 465 1234 castris
478 1174 629 1234 habebant
643 1173 783 1234 obsidum
797 1176 874 1235 loeo.
918 1174 962 1233 Hi
976 1195 1045 1236 suos
1063 1188 1150 1237 notos

159 1272 348 1349 hospitesque
370 1273 561 1348 quaerebant,
583 1289 636 1346 per
656 1290 747 1347 quem
767 1270 893 1347 quisque
913 1290 1016 1331 eorum
1037 1273 1150 1333 aditum

159 1366 427 1428 commendationis
462 1367 583 1426 haberet
618 1366 656 1426 ad
693 1367 859 1426 Caesarem.
916 1366 1027 1427 Afranii
1061 1367 1182 1428 etiams

158 1465 234 1524 filius
248 1466 423 1526 adulescens
437 1466 475 1524 de
495 1484 547 1523 sua
566 1484 602 1523 ac
622 1463 752 1540 parentis
772 1463 817 1523 sui
830 1466 926 1525 salute
939 1485 1007 1524 cum
1024 1468 1151 1526 Caesare

159 1582 212 1639 per
238 1562 398 1639 Sulpicium
426 1565 556 1638 legatum
584 1563 698 1639 agebat.
743 1564 835 1621 Erant
864 1564 954 1638 plena
980 1561 1092 1622 laetitia
1121 1574 1180 1636 et7

158 1659 350 1735 gratulatione
375 1655 481 1728 omnia,
505 1655 615 1728 eorum,
639 1656 691 1732 qui
716 1667 799 1716 tanta
822 1656 952 1732 pericula
978 1656 1095 1729 vitasse,
1121 1668 1150 1715 et

160 1774 268 1825 eorum,
291 1754 341 1831 qui
362 1753 426 1814 sine
446 1756 566 1814 vulnere
587 1764 684 1813 tantas
708 1773 754 1814 res
776 1753 939 1814 confecisse
963 1753 1148 1825 videbantur,

159 1869 357 1928 magnumque
370 1853 496 1910 fructum
513 1869 584 1910 suae
598 1847 738 1926 pristinae
752 1851 879 1911 lenitatis
893 1849 1025 1910 omnium
1039 1849 1150 1911 iudicio

160 1949 268 2008 Caesar
281 1949 401 2022 ferebat,
417 1944 632 2023 consiliumque
647 1947 709 2008 eius
723 1968 742 2006 a
755 1946 869 2007 cunctis
883 1949 1071 2025 probabatur.

219 2047 340 2104 LXXV.
384 2043 499 2120 Quibus
523 2046 611 2104 rebus
636 2044 779 2104 nuntiatis
804 2045 934 2118 Afranio,
955 2046 994 2104 ab
1015 2043 1180 2104 institutor

159 2161 247 2218 opere
265 2141 391 2202 discedit
411 2160 502 2217 seque
523 2140 554 2199 in
573 2151 669 2200 castra
689 2141 801 2216 recipit,
817 2140 860 2201 sic
876 2151 1003 2217 paratus,
1018 2152 1051 2200 ut
1071 2142 1150 2201 vide-

159 2242 252 2312 batur,
267 2252 308 2312 ut,
324 2239 504 2317 quicumque
522 2239 679 2298 accidisset
693 2259 785 2311 casus,
801 2241 880 2298 hunc
894 2238 994 2314 quieto
1009 2249 1038 2298 et
1052 2257 1149 2312 aequo

159 2337 258 2396 animo
286 2338 378 2396 ferret.
431 2335 564 2395 Petreius
591 2354 662 2394 vero
690 2355 752 2394 non
785 2334 892 2395 deserit
927 2353 998 2394 sese.
1044 2337 1180 2394 Armata

158 2433 316 2493 familiam:
338 2453 407 2492 cum
423 2434 481 2493 hac
501 2443 530 2492 et
544 2431 693 2509 praetoria
706 2433 828 2491 cohorte
842 2442 1020 2490 cetratorum
1034 2432 1150 2490 barbar-

156 2529 241 2607 isque
260 2528 408 2606 equitibus
429 2527 539 2604 paucis,
561 2526 754 2587 beneficiariis
778 2527 847 2599 suis,
869 2545 944 2603 quos
964 2545 1035 2586 suae
1054 2537 1151 2587 custo

158 2627 225 2688 diae
244 2646 332 2686 causa
351 2628 460 2686 habere
478 2636 643 2696 consuerat,
659 2624 819 2704 improviso
837 2625 876 2683 ad
894 2625 1003 2682 vallum
1020 2623 1147 2697 advolat,

158 2723 308 2800 colloquia
334 2723 462 2782 militum
489 2721 682 2798 interrumpit,
710 2733 827 2782 nostros
854 2722 967 2797 repellit
993 2740 1013 2778 a
1038 2720 1148 2795 castris,

158 2839 233 2898 quos
254 2820 418 2897 deprendit,
440 2819 584 2879 interficit.
629 2816 749 2896 Reliqui
770 2823 879 2880 coeunt
903 2818 978 2877 inter
998 2838 1030 2878 se
1054 2829 1084 2877 et
1107 2839 1180 2894 re-3

157 2917 281 2994 pontino
295 2917 427 2994 periculo
439 2914 566 2976 exterriti
576 2914 705 2975 sinistras
720 2915 796 2992 sagis
809 2916 962 2975 involvunt
975 2913 1149 2991 gladiosque

157 3014 350 3092 destringunt,
370 3025 459 3090 atque
478 3012 519 3071 ita
537 3030 570 3071 se
585 3031 604 3070 a
619 3013 738 3072 cetratis
758 3009 966 3088 equitibusque
986 3012 1149 3071 defendunt

157 3122 317 3171 castrorum
336 3110 556 3188 propinquitate
575 3109 679 3168 confisi
698 3129 788 3186 seque
806 3109 837 3167 in
852 3119 947 3168 castra
960 3108 1105 3183 recipiunt
1119 3119 1148 3166 et

156 3210 195 3266 ab
214 3206 256 3266 eis
271 3207 451 3279 cohortibus,
471 3226 547 3283 quae
567 3218 649 3266 erant
668 3207 699 3264 in
721 3206 847 3266 statione
867 3206 907 3264 ad
926 3215 1034 3280 portas,
1049 3205 1148 3262 defen-

156 3304 273 3363 duntur.

217 3400 358 3458 LXXVI.
401 3396 516 3469 Quibus
537 3400 624 3458 rebus
645 3397 788 3456 confectis
807 3396 881 3453 flens
903 3394 1034 3451 Petreius
1057 3390 1176 3448 mani-1

156 3497 245 3579 pulos
265 3495 398 3558 circumit
418 3496 585 3572 militesque
604 3495 744 3580 appellat,
761 3511 821 3550 neu
839 3509 871 3548 se
892 3508 949 3547 neu
971 3486 1145 3568 Pompeium
