2625 3834
171 226 207 267 10
252 189 254 193 ’
457 211 525 267 DE
551 210 700 269 Burro
731 211 876 268 CJVJLI

166 380 235 421 cum
262 360 497 423 antecursoribus
531 359 667 423 Caesaris
696 360 810 437 proelio
842 361 1002 422 commisso
1029 362 1162 423 celeriter

169 453 333 514 Domitiani
360 473 379 513 a
411 465 504 530 ponte
537 452 647 529 repulsi
682 471 714 513 se
741 453 774 512 in
800 451 947 530 oppidum
977 465 1159 530 receperunt

135 553 278 625 4Caesar
297 550 463 630 legionibus
483 550 624 612 traductis
644 553 685 613 ad
704 548 851 629 oppidum
871 549 1003 611 constitit
1020 549 1162 627 iuxtaque

141 666 283 730 ‘murum
304 659 400 708 castra
420 648 526 725 posuit

137 736 163 804 ι’
227 747 329 804 XVII.
372 748 420 806 Re
433 744 553 823 cognita
564 743 715 805 Domitius
728 746 769 806 ad
783 745 961 822 Pompeium
975 744 1006 804 in
1022 745 1160 822 Apuliam

167 839 276 916 peritos
303 840 456 918 regionum
485 861 593 920 magno
620 844 774 920 proposito
801 841 935 918 praemio
962 862 1032 901 cum
1058 841 1161 901 litteris

167 937 266 1010 mittit,
280 939 331 1015 qui
350 950 453 1016 petant
470 950 559 1016 atque
578 949 671 1012 orent,
687 950 720 999 ut
738 938 795 998 sibi
810 937 983 1000 subveniat:
1002 941 1161 1000 Caesarem

168 1035 285 1094 duobus
313 1034 488 1096 exercitibus
515 1046 545 1096 et
572 1037 707 1096 locorum
732 1034 872 1113 angustiis
896 1035 982 1094 facile
1005 1032 1162 1094 intercludi

139 1150 153 1187 2
169 1139 257 1206 posse
276 1132 482 1208 frumentoque
502 1131 659 1209 prohiberi
704 1133 796 1206 Quod
814 1130 871 1190 nisi
889 1130 999 1205 fecerit,
1015 1151 1047 1190 se
1060 1131 1161 1191 cohor-

169 1238 271 1304 tesque
285 1228 412 1306 amplius
426 1245 493 1288 xxx
507 1248 708 1306 magnumque
718 1248 874 1289 numerum
888 1239 1056 1289 senatorum
1070 1239 1161 1303 atque

137 1325 301 1401 3equitum
316 1329 521 1387 Romanorum
534 1324 566 1385 in
579 1326 744 1403 periculum
758 1346 824 1387 esse
838 1338 1002 1388 venturum.
1039 1325 1162 1386 Interim
1195 1327 1202 1340 '

169 1441 239 1482 suos
252 1423 423 1483 cohortatus
437 1434 585 1483 tormenta
594 1422 625 1482 in
636 1423 726 1483 muris
741 1422 874 1500 disponit
888 1433 1041 1498 certasque
1055 1422 1162 1498 cuique

138 1529 267 1595 4partes
287 1521 326 1580 ad
347 1519 513 1580 custodiam
534 1521 615 1580 urbis
636 1519 768 1580 attribuit
777 1542 787 1595 3
808 1518 950 1579 militibus
970 1519 1002 1578 in
1022 1522 1162 1580 contione

170 1635 255 1694 agros
282 1636 319 1676 ex
346 1617 406 1678 suis
433 1617 670 1694 possessionibus
694 1617 858 1694 pollicetur,
880 1627 1023 1694 quaterna
1048 1621 1079 1677 in
1106 1618 1162 1678 sin-

169 1714 254 1789 gulos
267 1711 366 1788 iugera
379 1723 409 1773 et
422 1732 477 1789 pro
492 1723 555 1773 rata
568 1723 650 1790 parte
665 1710 888 1772 centurionibus
902 1711 1100 1790 evocatisque.

141 1829 153 1867 r
231 1810 350 1868 XVIII.
394 1809 516 1869 Interim
532 1807 652 1870 Caesari
672 1808 830 1882 nuntiatur,
845 1810 1065 1881 Sulmonenses
1080 1810 1162 1885 quod

171 1907 315 1982 oppidum
335 1926 354 1965 a
374 1907 507 1967 Corfinio
525 1924 570 1965 vu
589 1905 703 1966 milium
722 1905 877 1967 intervallo
892 1906 986 1978 abest,
1000 1924 1109 1982 cupere
1127 1925 1163 1965 ea

170 2003 276 2076 facere,
301 2023 377 2079 quae
401 2006 496 2077 vellet,
518 2006 571 2064 sed
595 2025 613 2064 a
641 2005 679 2079 Q.
705 2002 844 2064 Lucretio
868 2012 1003 2062 senatore
1025 2012 1056 2061 et
1079 2001 1163 2062 Attio

173 2098 312 2176 Paeligno
326 2099 483 2176 prohiberi,
499 2099 549 2177 qui
563 2100 595 2161 id
609 2099 757 2177 oppidum
773 2118 819 2159 vn
833 2097 999 2159 cohortium
1015 2097 1163 2182 praesidio

141 2196 321 2254 atenebant.
365 2194 459 2256 Mittit
479 2215 516 2256 eo
538 2199 581 2256 M.
604 2196 771 2256 Antonium
793 2214 862 2256 cum
885 2193 1010 2271 legionis
1034 2211 1094 2252 x111
1115 2213 1164 2254 co

173 2290 306 2350 hortibus
316 2309 343 2349 v.
379 2294 599 2365 Sulmonenses,
610 2291 697 2352 simul
711 2303 802 2369 atque
813 2290 898 2367 signa
908 2300 1009 2349 nostra
1019 2289 1163 2363 viderunt,

173 2399 274 2464 portas
307 2402 484 2466 apemerunt
517 2391 713 2466 universique,
742 2400 773 2450 et
806 2386 950 2466 oppidani
983 2398 1014 2446 et
1047 2387 1164 2459 milites,

141 2486 292 2561 3obviam
312 2489 492 2564 gratulantes
512 2488 644 2549 Antonio
666 2486 807 2548 exierunt.
849 2483 1003 2545 Lucretius
1023 2496 1053 2545 et
1067 2485 1165 2544 Attius

173 2584 213 2642 de
239 2603 324 2644 muro
351 2603 382 2644 se
410 2584 588 2644 deiecerunt.
632 2583 730 2644 Attius
757 2583 796 2642 ad
823 2581 989 2644 Antonium
1019 2582 1165 2641 deductus

174 2679 256 2756 petit,
277 2691 310 2740 ut
337 2681 374 2740 ad
404 2682 562 2742 Caesarem
587 2677 757 2738 mitteretur.
799 2676 949 2736 Antonius
973 2695 1042 2734 cum
1062 2677 1166 2735 cohor-

174 2776 253 2836 tibus
280 2789 309 2837 et
334 2775 416 2837 Attio
440 2778 548 2836 eodem
573 2775 630 2848 die,
652 2794 714 2851 quo
737 2775 886 2850 profectus
911 2784 983 2844 erat,
1004 2773 1162 2833 revertitur.

143 2894 162 2945 4
176 2875 285 2933 Caesar
302 2893 353 2932 eas
372 2874 507 2933 cohortes
524 2891 592 2932 cum
609 2871 738 2931 exercitu
757 2889 812 2930 suo
825 2868 980 2930 coniunxit
992 2869 1166 2946 Attiumque

176 2967 355 3028 incolumem
383 2967 504 3028 dimisit.
546 2969 658 3029 Caesar
678 2966 779 3042 primis
805 2966 911 3025 diebus
938 2976 1033 3025 castra
1053 2967 1167 3044 magnis

177 3063 315 3141 operibus
334 3065 448 3125 munire
466 3076 495 3124 et
512 3084 549 3124 ex
566 3063 697 3123 finitimis
716 3060 880 3139 municipiis
893 3065 1073 3123 frumentum
1086 3083 1166 3123 com-

145 3172 292 3237 5portare
312 3160 500 3238 reliquasque
520 3159 622 3236 copias
642 3170 813 3236 exspectare
831 3158 964 3219 instituit.
1008 3162 1054 3219 Eo
1071 3159 1167 3219 triduo

178 3256 255 3333 legio
281 3273 339 3315 vrrr
367 3258 405 3317 ad
432 3278 501 3318 eum
527 3257 609 3317 venit
641 3258 838 3330 cohortesque
870 3276 907 3314 ex
936 3257 1021 3315 novis
1054 3257 1168 3316 Galliae

179 3353 335 3413 dilectibus
361 3370 430 3412 xx11
458 3353 629 3430 equitesque
656 3354 695 3413 ab
722 3371 790 3428 rege
817 3351 930 3412 Norico
957 3349 1072 3412 circiter
1100 3370 1165 3413 ccc

181 3451 315 3526 Quorum
338 3452 467 3510 adventu
488 3453 578 3510 altera
600 3461 697 3510 castra
720 3451 758 3510 ad
781 3451 902 3509 alteram
926 3449 1029 3526 oppidi
1052 3462 1167 3527 partem
