2625 3834
170 237 208 311 38
447 233 515 288 DE
540 229 690 287 Burro
720 193 867 286 ‘crrrrr

137 384 293 462 3consili0
314 402 450 459 superare
470 400 560 457 quam
584 379 692 456 gladio.
736 379 914 438 Movebatur
938 374 1028 436 etiam
1050 371 1160 433 miseri-

169 479 270 542 cordia
292 479 408 551 civium,
431 496 507 554 quos
530 474 752 536 interficiendos
775 473 914 546 videbat;
941 471 1047 548 quibus
1071 470 1160 530 salvis

138 587 259 652 4atque
276 573 476 634 incolumibus
491 592 554 633 rem
573 572 708 633 obtinere
729 571 867 630 malebat.
911 571 984 628 Hoc
1002 566 1160 627 consilium

171 671 304 734 Caesaris
318 671 468 749 plerisque
482 689 543 729 non
557 671 739 745 probabatur
744 690 754 742 ;
774 666 881 727 milites
894 685 965 726 vero
975 667 1075 741 palam
1084 665 1160 724 inter

170 791 201 830 se
215 772 418 845 loquebantur,
434 767 575 845 quoniam
589 768 656 827 talis
671 767 788 826 occasio
802 764 941 824 victoriae
955 763 1158 833 dimitteretur,

169 867 258 928 etiam
279 886 348 926 curn
368 867 457 926 vellet
479 867 595 938 Caesar,
619 882 684 923 sese
704 881 767 921 non
788 880 852 922 esse
873 874 1061 938 pugnaturos
1105 861 1160 920 Ille

169 964 200 1023 in
215 983 268 1023 sua
282 962 429 1024 sententia
442 972 609 1039 perseverat
619 972 649 1020 et
663 962 786 1037 paulum
801 980 837 1019 ex
851 978 888 1019 eo
902 961 970 1019 loco
983 958 1159 1036 degreditur,

137 1073 202 1137 5ut
229 1061 364 1120 timorem
392 1058 564 1119 adversariis
588 1057 710 1117 minuat.
755 1057 886 1117 Petreius
910 1066 999 1131 atque
1023 1056 1161 1115 Afranius

169 1158 270 1217 oblata
289 1157 428 1216 facultate
448 1155 479 1213 in
500 1166 595 1214 castra
615 1174 681 1214 sese
701 1155 837 1214 referunt.
882 1154 991 1214 Caesar
1009 1151 1161 1229 praesidiis

170 1253 200 1312 in
224 1252 375 1314 montibus
400 1251 550 1328 dispositis
575 1251 658 1310 omni
682 1251 722 1311 ad
743 1250 892 1310 Hiberum
912 1248 1027 1309 incluso
1050 1249 1161 1320 itinere,

170 1370 258 1426 quam
274 1349 407 1427 proxime
421 1360 519 1426 potest
532 1347 661 1409 hostIum
677 1348 786 1421 castris,
803 1358 898 1407 castra
912 1345 1083 1408 communit.

75 1451 109 1481 s
140 1467 153 1508 1
230 1449 375 1506 LXXIII.
419 1449 543 1506 Postero
560 1446 609 1506 die
625 1446 719 1506 duces
738 1445 973 1505 adversariorum
989 1442 1160 1521 perturbati,

170 1547 251 1620 quod
279 1563 399 1604 omnem
426 1541 468 1603 rei
495 1543 703 1603 frumentariae
730 1541 920 1618 fluminisque
946 1541 1052 1600 Hiberi
1076 1561 1162 1617 spem

138 1643 350 1714 adimiserant,
380 1643 419 1702 de
446 1640 565 1717 reliquis
592 1645 681 1701 rebus
708 1642 925 1701 consultabant.
971 1642 1043 1701 Erat
1068 1660 1162 1699 unum

169 1741 233 1815 iter,
260 1742 388 1801 Ilerdam
416 1740 440 1800 si
468 1740 573 1799 reverti
600 1741 718 1814 vellent,
748 1741 881 1811 alterurn,
910 1737 935 1797 si
961 1740 1162 1799 Tarraconem

169 1848 311 1914 peterent.
356 1839 442 1896 Haec
459 1835 684 1895 consiliantibus
704 1835 747 1896 eis
764 1833 935 1894 nuntiantur
953 1845 1110 1912 aquatores
1124 1836 1162 1895 ab

136 1919 301 2011 3equitatu
322 1933 416 2010 premi
437 1944 547 1994 nostro.
591 1935 660 2008 Qua
680 1953 712 1992 re
736 1932 856 2010 cognita
880 1933 996 1992 crebras
1020 1933 1162 1992 stationes

169 2030 333 2107 disponunt
353 2028 485 2105 equitum
507 2041 537 2089 et
561 2030 728 2089 cohortium
752 2030 906 2088 alariarum
930 2027 1162 2106 legionariasque

170 2125 337 2186 intericiunt
356 2127 493 2185 cohortes
511 2127 679 2201 vallumque
698 2145 734 2185 ex
750 2125 851 2184 castris
870 2127 909 2184 ad
927 2145 1035 2202 aquam
1054 2127 1163 2186 ducere

169 2221 321 2298 incipiunt,
342 2233 375 2281 ut
395 2221 471 2281 intra
492 2222 687 2282 munitionem
709 2233 738 2281 et
759 2221 823 2282 sine
843 2222 948 2282 timore
969 2236 999 2282 et
1020 2223 1083 2284 siue
1107 2235 1163 2284 sta-

169 2319 299 2378 tionibus
319 2318 420 2395 aquari
440 2329 571 2395 possent.
615 2320 652 2378 Id
673 2338 750 2396 opus
770 2318 847 2378 inter
867 2337 899 2378 se
921 2319 1052 2380 Petreius
1073 2331 1163 2396 atque

169 2415 307 2475 Afranius
326 2415 493 2492 partiuntur
508 2417 624 2493 ipsique
640 2416 815 2492 perficiundi
832 2415 929 2493 operis
943 2436 1033 2476 causa
1045 2417 1162 2494 longius

169 2512 404 2590 progrediuntur.

140 2630 152 2668 1
230 2610 370 2668 LXXIV.
414 2611 548 2683 Quorum
569 2609 701 2670 discessu
718 2609 840 2670 liberam
859 2609 939 2670 nacti
953 2609 1060 2670 milites
1073 2612 1164 2672 collo

169 2705 304 2781 quiorum
325 2707 494 2766 facultatem
514 2708 603 2784 vulgo
624 2707 797 2782 procedunt,
819 2718 850 2766 et
873 2726 962 2782 quem
986 2707 1112 2784 quisque
1131 2707 1162 2768 in

169 2801 270 2860 castris
299 2812 404 2862 notum
432 2812 482 2861 aut
514 2801 696 2878 municipem
728 2803 867 2875 habebat,
895 2803 1042 2878 conquirit
1073 2816 1163 2880 atque

138 2919 153 2957 a
170 2907 283 2957 evocat.
328 2897 459 2956 Primum
480 2910 571 2975 agunt
591 2899 698 2976 gratias
717 2918 823 2959 omnes
842 2899 989 2974 omnibus,
1005 2902 1087 2976 quod
1107 2900 1163 2960 sibi

169 2993 328 3069 perterritis
348 2994 443 3070 pridie
463 2995 684 3071 pepercissent:
712 3015 815 3062 eorum
837 3015 870 3056 se
890 2997 1037 3058 beneficio
1056 2997 1162 3059 vivere.

171 3090 290 3151 Deinde
316 3090 502 3167 imperatoris
529 3093 619 3151 fidem
648 3104 802 3168 quaerunt,
830 3104 949 3153 rectene
976 3114 1009 3155 se
1036 3094 1077 3154 illi
1105 3095 1164 3155 sint

169 3185 362 3259 commissuri,
383 3198 421 3258 et,
443 3187 525 3262 quod
546 3206 606 3246 non
627 3188 666 3247 ab
687 3187 771 3249 initio
791 3188 913 3250 fecerint
933 3209 1075 3267 armaque
1094 3212 1164 3252 cum

169 3281 340 3344 hominibus
367 3283 539 3342 necessariis
566 3295 596 3343 et
623 3286 850 3363 consanguineis
877 3289 1065 3362 contulerint,
1095 3311 1164 3368 que

138 3385 279 3448 3runtur.
325 3376 383 3434 His
410 3377 562 3451 provocati
590 3379 775 3440 sermonibus
801 3383 890 3443 fidem
919 3383 956 3442 ab
989 3383 1165 3462 imperatore

171 3469 210 3526 de
232 3471 327 3528 Petrei
348 3481 437 3545 atque
459 3472 571 3532 Afranii
592 3474 652 3534 vita
672 3489 787 3551 petunt,
806 3498 844 3537 ne
865 3481 948 3554 quod
968 3480 999 3539 in
1018 3501 1050 3542 se
1069 3483 1164 3544 scelus
