<?xml version="1.0" encoding="UTF-8"?>
<!DOCTYPE html PUBLIC "-//W3C//DTD XHTML 1.0 Transitional//EN"
    "http://www.w3.org/TR/xhtml1/DTD/xhtml1-transitional.dtd">
<html xmlns="http://www.w3.org/1999/xhtml" xml:lang="en" lang="en">
 <head>
  <title>
</title>
<meta http-equiv="Content-Type" content="text/html;charset=utf-8" />
  <meta name='ocr-system' content='tesseract 3.04.00' />
  <meta name='ocr-capabilities' content='ocr_page ocr_carea ocr_par ocr_line ocrx_word'/>
</head>
<body>
  <div class='ocr_page' id='page_1' title='image "./gaiiulicaesaris02peskgoog_0039.png"; bbox 0 0 2625 3834; ppageno 0'>
   <div class='ocr_carea' id='block_1_1' title="bbox 182 202 887 262">
    <p class='ocr_par' dir='ltr' id='par_1_1' title="bbox 182 202 887 262">
     <span class='ocr_line' id='line_1_1' title="bbox 182 202 887 262; baseline -0.007 0"><span class='ocrx_word' id='word_1_1' title='bbox 182 225 216 262; x_wconf 87' lang='lat'>12</span> <span class='ocrx_word' id='word_1_2' title='bbox 469 206 536 261; x_wconf 90' lang='lat' dir='ltr'>DE</span> <span class='ocrx_word' id='word_1_3' title='bbox 561 203 712 261; x_wconf 89' lang='lat' dir='ltr'><em>BELLO</em></span> <span class='ocrx_word' id='word_1_4' title='bbox 742 202 887 260; x_wconf 85' lang='lat' dir='ltr'><em>CIVILI</em></span> 
     </span>
    </p>
   </div>
   <div class='ocr_carea' id='block_1_2' title="bbox 144 353 1171 1887">
    <p class='ocr_par' dir='ltr' id='par_1_2' title="bbox 177 353 1169 725">
     <span class='ocr_line' id='line_1_2' title="bbox 178 353 1169 433; baseline -0.003 -16"><span class='ocrx_word' id='word_1_5' title='bbox 178 358 301 417; x_wconf 90' lang='lat' dir='ltr'>ductum</span> <span class='ocrx_word' id='word_1_6' title='bbox 321 356 352 416; x_wconf 91' lang='lat' dir='ltr'>in</span> <span class='ocrx_word' id='word_1_7' title='bbox 374 355 529 433; x_wconf 91' lang='lat' dir='ltr'>publicum</span> <span class='ocrx_word' id='word_1_8' title='bbox 555 354 774 415; x_wconf 89' lang='lat' dir='ltr'><strong>circumsistunt</strong></span> <span class='ocrx_word' id='word_1_9' title='bbox 798 365 828 416; x_wconf 96' lang='lat' dir='ltr'>et</span> <span class='ocrx_word' id='word_1_10' title='bbox 851 353 1022 414; x_wconf 87' lang='lat' dir='ltr'>custodiunt</span> <span class='ocrx_word' id='word_1_11' title='bbox 1046 356 1169 430; x_wconf 77' lang='lat' dir='ltr'>legatos</span> 
     </span>
     <span class='ocr_line' id='line_1_3' title="bbox 178 453 1169 531; baseline -0.003 -16"><span class='ocrx_word' id='word_1_12' title='bbox 178 474 236 530; x_wconf 90' lang='lat' dir='ltr'>que</span> <span class='ocrx_word' id='word_1_13' title='bbox 249 474 287 515; x_wconf 84' lang='lat' dir='ltr'>ex</span> <span class='ocrx_word' id='word_1_14' title='bbox 300 474 355 515; x_wconf 91' lang='lat' dir='ltr'>suo</span> <span class='ocrx_word' id='word_1_15' title='bbox 373 474 497 515; x_wconf 89' lang='lat' dir='ltr'>numero</span> <span class='ocrx_word' id='word_1_16' title='bbox 510 455 550 516; x_wconf 90' lang='lat' dir='ltr'>ad</span> <span class='ocrx_word' id='word_1_17' title='bbox 564 456 721 517; x_wconf 84' lang='lat' dir='ltr'>Caesarem</span> <span class='ocrx_word' id='word_1_18' title='bbox 736 453 872 513; x_wconf 88' lang='lat' dir='ltr'>mittunt:</span> <span class='ocrx_word' id='word_1_19' title='bbox 893 472 958 514; x_wconf 89' lang='lat' dir='ltr'>sese</span> <span class='ocrx_word' id='word_1_20' title='bbox 972 464 1090 531; x_wconf 90' lang='lat' dir='ltr'>paratos</span> <span class='ocrx_word' id='word_1_21' title='bbox 1103 473 1169 513; x_wconf 89' lang='lat' dir='ltr'>esse</span> 
     </span>
     <span class='ocr_line' id='line_1_4' title="bbox 177 547 1168 628; baseline -0.001 -19"><span class='ocrx_word' id='word_1_22' title='bbox 177 559 277 624; x_wconf 91' lang='lat' dir='ltr'>portas</span> <span class='ocrx_word' id='word_1_23' title='bbox 290 548 410 628; x_wconf 87' lang='lat' dir='ltr'>aperire,</span> <span class='ocrx_word' id='word_1_24' title='bbox 428 569 564 626; x_wconf 90' lang='lat' dir='ltr'>quaeque</span> <span class='ocrx_word' id='word_1_25' title='bbox 582 547 778 626; x_wconf 88' lang='lat' dir='ltr'>imperaverit,</span> <span class='ocrx_word' id='word_1_26' title='bbox 793 551 889 609; x_wconf 82' lang='lat' dir='ltr'>facere</span> <span class='ocrx_word' id='word_1_27' title='bbox 907 560 937 611; x_wconf 92' lang='lat' dir='ltr'>et</span> <span class='ocrx_word' id='word_1_28' title='bbox 951 551 985 610; x_wconf 93' lang='lat' dir='ltr'>L.</span> <span class='ocrx_word' id='word_1_29' title='bbox 1003 547 1168 610; x_wconf 89' lang='lat' dir='ltr'>Domitium</span> 
     </span>
     <span class='ocr_line' id='line_1_5' title="bbox 177 647 646 725; baseline -0.002 -17"><span class='ocrx_word' id='word_1_30' title='bbox 177 647 277 708; x_wconf 92' lang='lat' dir='ltr'>vivum</span> <span class='ocrx_word' id='word_1_31' title='bbox 291 650 353 710; x_wconf 93' lang='lat' dir='ltr'>eius</span> <span class='ocrx_word' id='word_1_32' title='bbox 367 648 507 725; x_wconf 88' lang='lat' dir='ltr'>potestati</span> <span class='ocrx_word' id='word_1_33' title='bbox 522 649 646 709; x_wconf 87' lang='lat' dir='ltr'>tradere.</span> 
     </span>
    </p>

    <p class='ocr_par' dir='ltr' id='par_1_3' title="bbox 148 743 1171 1209">
     <span class='ocr_line' id='line_1_6' title="bbox 148 743 1170 823; baseline 0.002 -21"><span class='ocrx_word' id='word_1_34' title='bbox 148 764 160 802; x_wconf 94' lang='lat'>1</span> <span class='ocrx_word' id='word_1_35' title='bbox 237 745 323 802; x_wconf 90' lang='lat' dir='ltr'><strong>XXI.</strong></span> <span class='ocrx_word' id='word_1_36' title='bbox 366 743 484 819; x_wconf 90' lang='lat' dir='ltr'><strong>Quibus</strong></span> <span class='ocrx_word' id='word_1_37' title='bbox 501 746 588 806; x_wconf 90' lang='lat' dir='ltr'>rebus</span> <span class='ocrx_word' id='word_1_38' title='bbox 607 744 734 823; x_wconf 87' lang='lat' dir='ltr'>cognitis</span> <span class='ocrx_word' id='word_1_39' title='bbox 752 748 871 821; x_wconf 89' lang='lat' dir='ltr'>Caesar,</span> <span class='ocrx_word' id='word_1_40' title='bbox 894 745 949 807; x_wconf 91' lang='lat' dir='ltr'>etsi</span> <span class='ocrx_word' id='word_1_41' title='bbox 967 746 1066 823; x_wconf 85' lang='lat' dir='ltr'>magni</span> <span class='ocrx_word' id='word_1_42' title='bbox 1083 744 1170 806; x_wconf 90' lang='lat' dir='ltr'>inter-</span> 
     </span>
     <span class='ocr_line' id='line_1_7' title="bbox 177 839 1170 922; baseline 0.004 -22"><span class='ocrx_word' id='word_1_43' title='bbox 177 859 242 900; x_wconf 88' lang='lat' dir='ltr'>esse</span> <span class='ocrx_word' id='word_1_44' title='bbox 262 839 456 902; x_wconf 86' lang='lat' dir='ltr'>arbitrabatur</span> <span class='ocrx_word' id='word_1_45' title='bbox 473 862 563 918; x_wconf 89' lang='lat' dir='ltr'>quam</span> <span class='ocrx_word' id='word_1_46' title='bbox 580 842 708 920; x_wconf 90' lang='lat' dir='ltr'>primum</span> <span class='ocrx_word' id='word_1_47' title='bbox 729 844 845 922; x_wconf 93' lang='lat' dir='ltr'>oppido</span> <span class='ocrx_word' id='word_1_48' title='bbox 864 842 953 920; x_wconf 91' lang='lat' dir='ltr'>potiri</span> <span class='ocrx_word' id='word_1_49' title='bbox 973 845 1170 919; x_wconf 89' lang='lat' dir='ltr'>cohortesque</span> 
     </span>
     <span class='ocr_line' id='line_1_8' title="bbox 176 936 1170 1018; baseline 0.002 -21"><span class='ocrx_word' id='word_1_50' title='bbox 176 939 216 998; x_wconf 94' lang='lat' dir='ltr'>ad</span> <span class='ocrx_word' id='word_1_51' title='bbox 229 957 261 998; x_wconf 92' lang='lat' dir='ltr'>se</span> <span class='ocrx_word' id='word_1_52' title='bbox 275 936 306 997; x_wconf 90' lang='lat' dir='ltr'>in</span> <span class='ocrx_word' id='word_1_53' title='bbox 319 949 415 998; x_wconf 88' lang='lat' dir='ltr'>castra</span> <span class='ocrx_word' id='word_1_54' title='bbox 427 940 590 1012; x_wconf 89' lang='lat' dir='ltr'>traducere,</span> <span class='ocrx_word' id='word_1_55' title='bbox 605 959 644 1000; x_wconf 91' lang='lat' dir='ltr'>ne</span> <span class='ocrx_word' id='word_1_56' title='bbox 658 960 719 1017; x_wconf 91' lang='lat' dir='ltr'>qua</span> <span class='ocrx_word' id='word_1_57' title='bbox 733 951 785 1002; x_wconf 92' lang='lat' dir='ltr'>aut</span> <span class='ocrx_word' id='word_1_58' title='bbox 798 938 1001 1018; x_wconf 83' lang='lat' dir='ltr'>largitionibus</span> <span class='ocrx_word' id='word_1_59' title='bbox 1014 951 1065 1000; x_wconf 91' lang='lat' dir='ltr'>aut</span> <span class='ocrx_word' id='word_1_60' title='bbox 1078 939 1170 1000; x_wconf 91' lang='lat' dir='ltr'>animi</span> 
     </span>
     <span class='ocr_line' id='line_1_9' title="bbox 177 1034 1169 1111; baseline 0.003 -18"><span class='ocrx_word' id='word_1_61' title='bbox 177 1034 401 1095; x_wconf 88' lang='lat' dir='ltr'>confirmatione</span> <span class='ocrx_word' id='word_1_62' title='bbox 411 1046 463 1095; x_wconf 93' lang='lat' dir='ltr'>aut</span> <span class='ocrx_word' id='word_1_63' title='bbox 475 1036 556 1096; x_wconf 86' lang='lat' dir='ltr'>falsis</span> <span class='ocrx_word' id='word_1_64' title='bbox 569 1037 681 1098; x_wconf 87' lang='lat' dir='ltr'>nuntiis</span> <span class='ocrx_word' id='word_1_65' title='bbox 694 1040 890 1100; x_wconf 89' lang='lat' dir='ltr'>commutatio</span> <span class='ocrx_word' id='word_1_66' title='bbox 904 1040 986 1098; x_wconf 88' lang='lat' dir='ltr'>fieret</span> <span class='ocrx_word' id='word_1_67' title='bbox 1000 1036 1169 1111; x_wconf 91' lang='lat' dir='ltr'>voluntatis,</span> 
     </span>
     <span class='ocr_line' id='line_1_10' title="bbox 177 1130 1171 1209; baseline 0 -19"><span class='ocrx_word' id='word_1_68' title='bbox 177 1132 259 1206; x_wconf 92' lang='lat' dir='ltr'>quod</span> <span class='ocrx_word' id='word_1_69' title='bbox 279 1150 369 1208; x_wconf 89' lang='lat' dir='ltr'>saepe</span> <span class='ocrx_word' id='word_1_70' title='bbox 388 1130 420 1190; x_wconf 91' lang='lat' dir='ltr'>in</span> <span class='ocrx_word' id='word_1_71' title='bbox 440 1133 520 1191; x_wconf 91' lang='lat' dir='ltr'>bello</span> <span class='ocrx_word' id='word_1_72' title='bbox 541 1132 638 1208; x_wconf 91' lang='lat' dir='ltr'>parvis</span> <span class='ocrx_word' id='word_1_73' title='bbox 659 1131 819 1192; x_wconf 90' lang='lat' dir='ltr'>momentis</span> <span class='ocrx_word' id='word_1_74' title='bbox 846 1131 946 1209; x_wconf 88' lang='lat' dir='ltr'>magni</span> <span class='ocrx_word' id='word_1_75' title='bbox 973 1150 1059 1190; x_wconf 92' lang='lat' dir='ltr'>casus</span> <span class='ocrx_word' id='word_1_76' title='bbox 1085 1131 1171 1190; x_wconf 91' lang='lat' dir='ltr'>inter-</span> 
     </span>
    </p>

    <p class='ocr_par' dir='ltr' id='par_1_4' title="bbox 146 1226 1171 1501">
     <span class='ocr_line' id='line_1_11' title="bbox 146 1226 1170 1302; baseline 0.003 -19"><span class='ocrx_word' id='word_1_77' title='bbox 146 1227 324 1301; x_wconf 91' lang='lat' dir='ltr'>2cederent,</span> <span class='ocrx_word' id='word_1_78' title='bbox 348 1240 448 1287; x_wconf 90' lang='lat' dir='ltr'>tamen</span> <span class='ocrx_word' id='word_1_79' title='bbox 467 1226 591 1302; x_wconf 83' lang='lat' dir='ltr'>veritus,</span> <span class='ocrx_word' id='word_1_80' title='bbox 614 1247 653 1288; x_wconf 91' lang='lat' dir='ltr'>ne</span> <span class='ocrx_word' id='word_1_81' title='bbox 680 1228 805 1289; x_wconf 92' lang='lat' dir='ltr'>militum</span> <span class='ocrx_word' id='word_1_82' title='bbox 834 1228 955 1288; x_wconf 91' lang='lat' dir='ltr'>introitu</span> <span class='ocrx_word' id='word_1_83' title='bbox 980 1240 1010 1288; x_wconf 92' lang='lat' dir='ltr'>et</span> <span class='ocrx_word' id='word_1_84' title='bbox 1035 1227 1170 1289; x_wconf 86' lang='lat' dir='ltr'>nocturni</span> 
     </span>
     <span class='ocr_line' id='line_1_12' title="bbox 176 1324 1169 1404; baseline -0.001 -20"><span class='ocrx_word' id='word_1_85' title='bbox 176 1324 317 1400; x_wconf 90' lang='lat' dir='ltr'>temporis</span> <span class='ocrx_word' id='word_1_86' title='bbox 340 1324 459 1385; x_wconf 90' lang='lat' dir='ltr'>licentia</span> <span class='ocrx_word' id='word_1_87' title='bbox 481 1325 625 1402; x_wconf 91' lang='lat' dir='ltr'>oppidum</span> <span class='ocrx_word' id='word_1_88' title='bbox 652 1325 835 1402; x_wconf 88' lang='lat' dir='ltr'>diriperetur,</span> <span class='ocrx_word' id='word_1_89' title='bbox 859 1346 919 1399; x_wconf 89' lang='lat' dir='ltr'>eos,</span> <span class='ocrx_word' id='word_1_90' title='bbox 945 1327 996 1404; x_wconf 92' lang='lat' dir='ltr'>qui</span> <span class='ocrx_word' id='word_1_91' title='bbox 1020 1336 1169 1396; x_wconf 89' lang='lat' dir='ltr'>venerant,</span> 
     </span>
     <span class='ocr_line' id='line_1_13' title="bbox 176 1422 1171 1501; baseline 0 -20"><span class='ocrx_word' id='word_1_92' title='bbox 176 1424 325 1483; x_wconf 87' lang='lat' dir='ltr'>collaudat</span> <span class='ocrx_word' id='word_1_93' title='bbox 357 1434 448 1498; x_wconf 91' lang='lat' dir='ltr'>atque</span> <span class='ocrx_word' id='word_1_94' title='bbox 477 1422 509 1482; x_wconf 91' lang='lat' dir='ltr'>in</span> <span class='ocrx_word' id='word_1_95' title='bbox 543 1423 691 1500; x_wconf 92' lang='lat' dir='ltr'>oppidum</span> <span class='ocrx_word' id='word_1_96' title='bbox 719 1423 849 1498; x_wconf 86' lang='lat' dir='ltr'>dimittit,</span> <span class='ocrx_word' id='word_1_97' title='bbox 880 1437 979 1501; x_wconf 90' lang='lat' dir='ltr'>portas</span> <span class='ocrx_word' id='word_1_98' title='bbox 1012 1442 1171 1499; x_wconf 91' lang='lat' dir='ltr'>murosque</span> 
     </span>
    </p>

    <p class='ocr_par' dir='ltr' id='par_1_5' title="bbox 144 1518 1171 1887">
     <span class='ocr_line' id='line_1_14' title="bbox 144 1518 1170 1596; baseline -0.001 -19"><span class='ocrx_word' id='word_1_99' title='bbox 144 1518 316 1593; x_wconf 82' lang='lat' dir='ltr'>3asservari</span> <span class='ocrx_word' id='word_1_100' title='bbox 342 1518 432 1579; x_wconf 90' lang='lat' dir='ltr'>iubet.</span> <span class='ocrx_word' id='word_1_101' title='bbox 470 1521 541 1596; x_wconf 90' lang='lat' dir='ltr'>Ipse</span> <span class='ocrx_word' id='word_1_102' title='bbox 566 1521 598 1578; x_wconf 83' lang='lat' dir='ltr'>in</span> <span class='ocrx_word' id='word_1_103' title='bbox 627 1520 671 1579; x_wconf 90' lang='lat' dir='ltr'>eis</span> <span class='ocrx_word' id='word_1_104' title='bbox 699 1520 846 1596; x_wconf 89' lang='lat' dir='ltr'>operibus,</span> <span class='ocrx_word' id='word_1_105' title='bbox 869 1540 947 1596; x_wconf 90' lang='lat' dir='ltr'>quae</span> <span class='ocrx_word' id='word_1_106' title='bbox 970 1521 1066 1579; x_wconf 86' lang='lat' dir='ltr'>facere</span> <span class='ocrx_word' id='word_1_107' title='bbox 1090 1518 1170 1578; x_wconf 92' lang='lat' dir='ltr'>insti·</span> 
     </span>
     <span class='ocr_line' id='line_1_15' title="bbox 177 1615 1171 1695; baseline -0.003 -18"><span class='ocrx_word' id='word_1_108' title='bbox 177 1627 280 1688; x_wconf 89' lang='lat' dir='ltr'>tuerat,</span> <span class='ocrx_word' id='word_1_109' title='bbox 302 1616 408 1678; x_wconf 91' lang='lat' dir='ltr'>milites</span> <span class='ocrx_word' id='word_1_110' title='bbox 434 1616 575 1694; x_wconf 90' lang='lat' dir='ltr'>disponit,</span> <span class='ocrx_word' id='word_1_111' title='bbox 597 1637 660 1678; x_wconf 90' lang='lat' dir='ltr'>non</span> <span class='ocrx_word' id='word_1_112' title='bbox 687 1617 773 1678; x_wconf 92' lang='lat' dir='ltr'>certis</span> <span class='ocrx_word' id='word_1_113' title='bbox 800 1617 902 1695; x_wconf 90' lang='lat' dir='ltr'>spatiis</span> <span class='ocrx_word' id='word_1_114' title='bbox 928 1615 1110 1687; x_wconf 86' lang='lat' dir='ltr'>intermissis,</span> <span class='ocrx_word' id='word_1_115' title='bbox 1138 1626 1171 1674; x_wconf 90' lang='lat' dir='ltr'>ut</span> 
     </span>
     <span class='ocr_line' id='line_1_16' title="bbox 177 1712 1170 1791; baseline -0.003 -17"><span class='ocrx_word' id='word_1_116' title='bbox 177 1723 238 1774; x_wconf 91' lang='lat' dir='ltr'>erat</span> <span class='ocrx_word' id='word_1_117' title='bbox 262 1713 443 1790; x_wconf 91' lang='lat' dir='ltr'>superiorum</span> <span class='ocrx_word' id='word_1_118' title='bbox 465 1713 578 1775; x_wconf 89' lang='lat' dir='ltr'>dierum</span> <span class='ocrx_word' id='word_1_119' title='bbox 600 1714 796 1787; x_wconf 89' lang='lat' dir='ltr'>consuetudo,</span> <span class='ocrx_word' id='word_1_120' title='bbox 819 1715 873 1774; x_wconf 90' lang='lat' dir='ltr'>sed</span> <span class='ocrx_word' id='word_1_121' title='bbox 896 1713 1046 1790; x_wconf 92' lang='lat' dir='ltr'>perpetuis</span> <span class='ocrx_word' id='word_1_122' title='bbox 1066 1712 1170 1791; x_wconf 86' lang='lat' dir='ltr'>vigiliis</span> 
     </span>
     <span class='ocr_line' id='line_1_17' title="bbox 178 1808 1171 1887; baseline 0.001 -19"><span class='ocrx_word' id='word_1_123' title='bbox 178 1809 421 1886; x_wconf 88' lang='lat' dir='ltr'>stationibusque,</span> <span class='ocrx_word' id='word_1_124' title='bbox 444 1820 477 1870; x_wconf 92' lang='lat' dir='ltr'>ut</span> <span class='ocrx_word' id='word_1_125' title='bbox 498 1810 673 1887; x_wconf 86' lang='lat' dir='ltr'>contingant</span> <span class='ocrx_word' id='word_1_126' title='bbox 695 1808 772 1871; x_wconf 91' lang='lat' dir='ltr'>inter</span> <span class='ocrx_word' id='word_1_127' title='bbox 793 1829 825 1871; x_wconf 91' lang='lat' dir='ltr'>se</span> <span class='ocrx_word' id='word_1_128' title='bbox 838 1822 929 1887; x_wconf 91' lang='lat' dir='ltr'>atque</span> <span class='ocrx_word' id='word_1_129' title='bbox 942 1830 1064 1870; x_wconf 91' lang='lat' dir='ltr'>omnem</span> <span class='ocrx_word' id='word_1_130' title='bbox 1079 1808 1171 1870; x_wconf 91' lang='lat' dir='ltr'>muni—</span> 
     </span>
    </p>
   </div>
   <div class='ocr_carea' id='block_1_3' title="bbox 148 1903 1170 2080">
    <p class='ocr_par' dir='ltr' id='par_1_6' title="bbox 148 1903 1170 2080">
     <span class='ocr_line' id='line_1_18' title="bbox 148 1903 1170 1983; baseline 0.001 -20"><span class='ocrx_word' id='word_1_131' title='bbox 148 1903 290 1977; x_wconf 85' lang='lat' dir='ltr'>4tionem</span> <span class='ocrx_word' id='word_1_132' title='bbox 315 1908 471 1981; x_wconf 88' lang='lat' dir='ltr'>expleant;</span> <span class='ocrx_word' id='word_1_133' title='bbox 500 1906 634 1966; x_wconf 90' lang='lat' dir='ltr'>tribunos</span> <span class='ocrx_word' id='word_1_134' title='bbox 656 1907 782 1966; x_wconf 89' lang='lat' dir='ltr'>militum</span> <span class='ocrx_word' id='word_1_135' title='bbox 806 1916 837 1967; x_wconf 89' lang='lat' dir='ltr'>et</span> <span class='ocrx_word' id='word_1_136' title='bbox 860 1908 1025 1983; x_wconf 81' lang='lat' dir='ltr'>praefectos</span> <span class='ocrx_word' id='word_1_137' title='bbox 1048 1906 1170 1968; x_wconf 91' lang='lat' dir='ltr'>circum-</span> 
     </span>
     <span class='ocr_line' id='line_1_19' title="bbox 178 2002 1170 2080; baseline 0.004 -20"><span class='ocrx_word' id='word_1_138' title='bbox 178 2002 266 2062; x_wconf 92' lang='lat' dir='ltr'>mittit</span> <span class='ocrx_word' id='word_1_139' title='bbox 288 2013 376 2078; x_wconf 90' lang='lat' dir='ltr'>atque</span> <span class='ocrx_word' id='word_1_140' title='bbox 400 2004 542 2075; x_wconf 90' lang='lat' dir='ltr'>hortatur,</span> <span class='ocrx_word' id='word_1_141' title='bbox 557 2022 619 2063; x_wconf 93' lang='lat' dir='ltr'>non</span> <span class='ocrx_word' id='word_1_142' title='bbox 643 2006 738 2064; x_wconf 88' lang='lat' dir='ltr'>solum</span> <span class='ocrx_word' id='word_1_143' title='bbox 761 2006 801 2063; x_wconf 90' lang='lat' dir='ltr'>ab</span> <span class='ocrx_word' id='word_1_144' title='bbox 819 2003 1023 2080; x_wconf 90' lang='lat' dir='ltr'>eruptionibus</span> <span class='ocrx_word' id='word_1_145' title='bbox 1036 2016 1170 2075; x_wconf 87' lang='lat' dir='ltr'>caveant,</span> 
     </span>
    </p>
   </div>
   <div class='ocr_carea' id='block_1_4' title="bbox 145 2100 1174 3537">
    <p class='ocr_par' dir='ltr' id='par_1_7' title="bbox 145 2100 1174 3537">
     <span class='ocr_line' id='line_1_20' title="bbox 178 2100 1169 2178; baseline 0.002 -18"><span class='ocrx_word' id='word_1_146' title='bbox 178 2102 231 2160; x_wconf 91' lang='lat' dir='ltr'>scd</span> <span class='ocrx_word' id='word_1_147' title='bbox 253 2101 342 2162; x_wconf 90' lang='lat' dir='ltr'>etiam</span> <span class='ocrx_word' id='word_1_148' title='bbox 365 2102 546 2178; x_wconf 90' lang='lat' dir='ltr'>singulorum</span> <span class='ocrx_word' id='word_1_149' title='bbox 567 2103 723 2162; x_wconf 92' lang='lat' dir='ltr'>hominum</span> <span class='ocrx_word' id='word_1_150' title='bbox 747 2104 882 2162; x_wconf 91' lang='lat' dir='ltr'>occultos</span> <span class='ocrx_word' id='word_1_151' title='bbox 904 2100 998 2161; x_wconf 86' lang='lat' dir='ltr'>exitus</span> <span class='ocrx_word' id='word_1_152' title='bbox 1011 2113 1169 2162; x_wconf 87' lang='lat' dir='ltr'>asservent.</span> 
     </span>
     <span class='ocr_line' id='line_1_21' title="bbox 147 2197 1170 2276; baseline 0 -19"><span class='ocrx_word' id='word_1_153' title='bbox 147 2200 286 2276; x_wconf 88' lang='lat' dir='ltr'>5Neque</span> <span class='ocrx_word' id='word_1_154' title='bbox 313 2217 383 2258; x_wconf 91' lang='lat' dir='ltr'>vero</span> <span class='ocrx_word' id='word_1_155' title='bbox 410 2209 471 2257; x_wconf 89' lang='lat' dir='ltr'>tam</span> <span class='ocrx_word' id='word_1_156' title='bbox 497 2199 621 2258; x_wconf 90' lang='lat' dir='ltr'>remisso</span> <span class='ocrx_word' id='word_1_157' title='bbox 649 2219 685 2258; x_wconf 93' lang='lat' dir='ltr'>ac</span> <span class='ocrx_word' id='word_1_158' title='bbox 717 2197 858 2276; x_wconf 86' lang='lat' dir='ltr'>languido</span> <span class='ocrx_word' id='word_1_159' title='bbox 885 2197 986 2258; x_wconf 91' lang='lat' dir='ltr'>animo</span> <span class='ocrx_word' id='word_1_160' title='bbox 1014 2197 1170 2275; x_wconf 91' lang='lat' dir='ltr'>quisquam</span> 
     </span>
     <span class='ocr_line' id='line_1_22' title="bbox 145 2293 1171 2370; baseline 0.001 -17"><span class='ocrx_word' id='word_1_161' title='bbox 145 2299 162 2353; x_wconf 92' lang='lat'><strong>6</strong></span> <span class='ocrx_word' id='word_1_162' title='bbox 178 2295 312 2354; x_wconf 90' lang='lat' dir='ltr'>omnium</span> <span class='ocrx_word' id='word_1_163' title='bbox 325 2296 389 2368; x_wconf 84' lang='lat' dir='ltr'>fuit,</span> <span class='ocrx_word' id='word_1_164' title='bbox 399 2293 450 2370; x_wconf 89' lang='lat' dir='ltr'>qui</span> <span class='ocrx_word' id='word_1_165' title='bbox 464 2315 500 2356; x_wconf 89' lang='lat' dir='ltr'>ea</span> <span class='ocrx_word' id='word_1_166' title='bbox 513 2304 602 2354; x_wconf 88' lang='lat' dir='ltr'>nocte</span> <span class='ocrx_word' id='word_1_167' title='bbox 616 2293 827 2370; x_wconf 89' lang='lat' dir='ltr'>conquieverit.</span> <span class='ocrx_word' id='word_1_168' title='bbox 850 2296 949 2354; x_wconf 86' lang='lat' dir='ltr'>Tanta</span> <span class='ocrx_word' id='word_1_169' title='bbox 962 2305 1024 2354; x_wconf 89' lang='lat' dir='ltr'>erat</span> <span class='ocrx_word' id='word_1_170' title='bbox 1038 2314 1171 2354; x_wconf 88' lang='lat' dir='ltr'>summae</span> 
     </span>
     <span class='ocr_line' id='line_1_23' title="bbox 177 2389 1172 2467; baseline 0.002 -16"><span class='ocrx_word' id='word_1_171' title='bbox 177 2411 274 2452; x_wconf 87' lang='lat' dir='ltr'>rerum</span> <span class='ocrx_word' id='word_1_172' title='bbox 301 2390 475 2467; x_wconf 89' lang='lat' dir='ltr'>expectatio,</span> <span class='ocrx_word' id='word_1_173' title='bbox 497 2402 529 2451; x_wconf 92' lang='lat' dir='ltr'>ut</span> <span class='ocrx_word' id='word_1_174' title='bbox 556 2390 630 2451; x_wconf 91' lang='lat' dir='ltr'>alius</span> <span class='ocrx_word' id='word_1_175' title='bbox 657 2389 687 2449; x_wconf 93' lang='lat' dir='ltr'>in</span> <span class='ocrx_word' id='word_1_176' title='bbox 713 2390 801 2450; x_wconf 90' lang='lat' dir='ltr'>aliam</span> <span class='ocrx_word' id='word_1_177' title='bbox 815 2401 930 2467; x_wconf 91' lang='lat' dir='ltr'>partem</span> <span class='ocrx_word' id='word_1_178' title='bbox 955 2402 1055 2451; x_wconf 89' lang='lat' dir='ltr'>mente</span> <span class='ocrx_word' id='word_1_179' title='bbox 1082 2401 1172 2467; x_wconf 89' lang='lat' dir='ltr'>atque</span> 
     </span>
     <span class='ocr_line' id='line_1_24' title="bbox 177 2487 1169 2564; baseline -0.002 -14"><span class='ocrx_word' id='word_1_180' title='bbox 177 2491 277 2550; x_wconf 91' lang='lat' dir='ltr'>animo</span> <span class='ocrx_word' id='word_1_181' title='bbox 298 2490 467 2562; x_wconf 91' lang='lat' dir='ltr'>traheretur,</span> <span class='ocrx_word' id='word_1_182' title='bbox 485 2489 558 2564; x_wconf 91' lang='lat' dir='ltr'>quid</span> <span class='ocrx_word' id='word_1_183' title='bbox 576 2487 648 2564; x_wconf 90' lang='lat' dir='ltr'>ipsis</span> <span class='ocrx_word' id='word_1_184' title='bbox 669 2487 912 2560; x_wconf 88' lang='lat' dir='ltr'>Corfiniensibus,</span> <span class='ocrx_word' id='word_1_185' title='bbox 933 2488 1005 2564; x_wconf 92' lang='lat' dir='ltr'>quid</span> <span class='ocrx_word' id='word_1_186' title='bbox 1027 2488 1169 2560; x_wconf 90' lang='lat' dir='ltr'>Domitio,</span> 
     </span>
     <span class='ocr_line' id='line_1_25' title="bbox 177 2582 1172 2664; baseline -0.003 -18"><span class='ocrx_word' id='word_1_187' title='bbox 177 2587 250 2664; x_wconf 89' lang='lat' dir='ltr'>quid</span> <span class='ocrx_word' id='word_1_188' title='bbox 270 2586 407 2658; x_wconf 88' lang='lat' dir='ltr'>Lentulo,</span> <span class='ocrx_word' id='word_1_189' title='bbox 423 2583 495 2661; x_wconf 92' lang='lat' dir='ltr'>quid</span> <span class='ocrx_word' id='word_1_190' title='bbox 514 2582 634 2661; x_wconf 89' lang='lat' dir='ltr'>reliquis</span> <span class='ocrx_word' id='word_1_191' title='bbox 652 2583 810 2659; x_wconf 88' lang='lat' dir='ltr'>accideret,</span> <span class='ocrx_word' id='word_1_192' title='bbox 824 2583 875 2660; x_wconf 93' lang='lat' dir='ltr'>qui</span> <span class='ocrx_word' id='word_1_193' title='bbox 896 2602 1031 2661; x_wconf 91' lang='lat' dir='ltr'>quosque</span> <span class='ocrx_word' id='word_1_194' title='bbox 1048 2597 1172 2644; x_wconf 89' lang='lat' dir='ltr'>eventus</span> 
     </span>
     <span class='ocr_line' id='line_1_26' title="bbox 177 2682 354 2760; baseline -0.011 -16"><span class='ocrx_word' id='word_1_195' title='bbox 177 2682 354 2760; x_wconf 78' lang='lat' dir='ltr'>exciperent</span> 
     </span>
     <span class='ocr_line' id='line_1_27' title="bbox 148 2776 1172 2854; baseline 0 -15"><span class='ocrx_word' id='word_1_196' title='bbox 148 2801 161 2839; x_wconf 94' lang='lat'>1</span> <span class='ocrx_word' id='word_1_197' title='bbox 238 2781 338 2839; x_wconf 87' lang='lat' dir='ltr'>XXII.</span> <span class='ocrx_word' id='word_1_198' title='bbox 383 2779 497 2853; x_wconf 90' lang='lat' dir='ltr'>Quarta</span> <span class='ocrx_word' id='word_1_199' title='bbox 525 2776 624 2854; x_wconf 85' lang='lat' dir='ltr'>vigilia</span> <span class='ocrx_word' id='word_1_200' title='bbox 653 2776 768 2839; x_wconf 91' lang='lat' dir='ltr'>circiter</span> <span class='ocrx_word' id='word_1_201' title='bbox 795 2780 939 2838; x_wconf 87' lang='lat' dir='ltr'>Lentulus</span> <span class='ocrx_word' id='word_1_202' title='bbox 969 2777 1108 2854; x_wconf 90' lang='lat' dir='ltr'>Spinther</span> <span class='ocrx_word' id='word_1_203' title='bbox 1134 2780 1172 2839; x_wconf 92' lang='lat' dir='ltr'>de</span> 
     </span>
     <span class='ocr_line' id='line_1_28' title="bbox 178 2873 1171 2952; baseline 0 -16"><span class='ocrx_word' id='word_1_204' title='bbox 178 2895 262 2936; x_wconf 90' lang='lat' dir='ltr'>muro</span> <span class='ocrx_word' id='word_1_205' title='bbox 279 2896 348 2936; x_wconf 89' lang='lat' dir='ltr'>curn</span> <span class='ocrx_word' id='word_1_206' title='bbox 367 2874 471 2952; x_wconf 89' lang='lat' dir='ltr'>vigiliis</span> <span class='ocrx_word' id='word_1_207' title='bbox 491 2875 726 2951; x_wconf 91' lang='lat' dir='ltr'>custodibusque</span> <span class='ocrx_word' id='word_1_208' title='bbox 745 2874 853 2935; x_wconf 90' lang='lat' dir='ltr'>nostris</span> <span class='ocrx_word' id='word_1_209' title='bbox 869 2873 1066 2951; x_wconf 87' lang='lat' dir='ltr'>colloquitur:</span> <span class='ocrx_word' id='word_1_210' title='bbox 1088 2877 1171 2949; x_wconf 87' lang='lat' dir='ltr'>velle,</span> 
     </span>
     <span class='ocr_line' id='line_1_29' title="bbox 147 2971 1173 3050; baseline 0 -18"><span class='ocrx_word' id='word_1_211' title='bbox 147 2994 162 3032; x_wconf 88' lang='lat'>2</span> <span class='ocrx_word' id='word_1_212' title='bbox 178 2972 202 3033; x_wconf 94' lang='lat' dir='ltr'>si</span> <span class='ocrx_word' id='word_1_213' title='bbox 219 2972 275 3034; x_wconf 89' lang='lat' dir='ltr'>sibi</span> <span class='ocrx_word' id='word_1_214' title='bbox 294 2976 345 3033; x_wconf 88' lang='lat' dir='ltr'>fiat</span> <span class='ocrx_word' id='word_1_215' title='bbox 363 2983 503 3050; x_wconf 91' lang='lat' dir='ltr'>potestas,</span> <span class='ocrx_word' id='word_1_216' title='bbox 525 2973 684 3034; x_wconf 89' lang='lat' dir='ltr'>Caesarem</span> <span class='ocrx_word' id='word_1_217' title='bbox 705 2971 873 3032; x_wconf 89' lang='lat' dir='ltr'>convenire.</span> <span class='ocrx_word' id='word_1_218' title='bbox 917 2975 1008 3032; x_wconf 91' lang='lat' dir='ltr'>Facta</span> <span class='ocrx_word' id='word_1_219' title='bbox 1025 2983 1173 3048; x_wconf 87' lang='lat' dir='ltr'>potestate</span> 
     </span>
     <span class='ocr_line' id='line_1_30' title="bbox 178 3066 1173 3148; baseline -0.004 -16"><span class='ocrx_word' id='word_1_220' title='bbox 178 3091 215 3132; x_wconf 88' lang='lat' dir='ltr'>ex</span> <span class='ocrx_word' id='word_1_221' title='bbox 235 3069 349 3148; x_wconf 90' lang='lat' dir='ltr'>oppido</span> <span class='ocrx_word' id='word_1_222' title='bbox 369 3068 500 3141; x_wconf 91' lang='lat' dir='ltr'>mittitur,</span> <span class='ocrx_word' id='word_1_223' title='bbox 523 3088 621 3145; x_wconf 91' lang='lat' dir='ltr'>neque</span> <span class='ocrx_word' id='word_1_224' title='bbox 645 3072 684 3130; x_wconf 92' lang='lat' dir='ltr'>ab</span> <span class='ocrx_word' id='word_1_225' title='bbox 709 3088 746 3130; x_wconf 91' lang='lat' dir='ltr'>eo</span> <span class='ocrx_word' id='word_1_226' title='bbox 770 3069 851 3146; x_wconf 90' lang='lat' dir='ltr'>prius</span> <span class='ocrx_word' id='word_1_227' title='bbox 875 3066 1041 3128; x_wconf 90' lang='lat' dir='ltr'>Domitiani</span> <span class='ocrx_word' id='word_1_228' title='bbox 1065 3067 1173 3128; x_wconf 91' lang='lat' dir='ltr'>milites</span> 
     </span>
     <span class='ocr_line' id='line_1_31' title="bbox 146 3167 1173 3244; baseline -0.003 -16"><span class='ocrx_word' id='word_1_229' title='bbox 146 3188 163 3244; x_wconf 84' lang='lat'>3</span> <span class='ocrx_word' id='word_1_230' title='bbox 178 3168 344 3237; x_wconf 91' lang='lat' dir='ltr'>discedunt,</span> <span class='ocrx_word' id='word_1_231' title='bbox 359 3187 450 3244; x_wconf 89' lang='lat' dir='ltr'>quam</span> <span class='ocrx_word' id='word_1_232' title='bbox 466 3167 497 3227; x_wconf 88' lang='lat' dir='ltr'>iu</span> <span class='ocrx_word' id='word_1_233' title='bbox 515 3178 710 3244; x_wconf 90' lang='lat' dir='ltr'>conspectum</span> <span class='ocrx_word' id='word_1_234' title='bbox 733 3167 868 3228; x_wconf 88' lang='lat' dir='ltr'>Caesaris</span> <span class='ocrx_word' id='word_1_235' title='bbox 880 3167 1051 3226; x_wconf 88' lang='lat' dir='ltr'>deducatur.</span> <span class='ocrx_word' id='word_1_236' title='bbox 1095 3168 1173 3227; x_wconf 91' lang='lat' dir='ltr'>Cum</span> 
     </span>
     <span class='ocr_line' id='line_1_32' title="bbox 178 3261 1172 3341; baseline -0.004 -15"><span class='ocrx_word' id='word_1_237' title='bbox 178 3283 216 3326; x_wconf 92' lang='lat' dir='ltr'>eo</span> <span class='ocrx_word' id='word_1_238' title='bbox 236 3264 275 3325; x_wconf 92' lang='lat' dir='ltr'>de</span> <span class='ocrx_word' id='word_1_239' title='bbox 295 3266 388 3324; x_wconf 91' lang='lat' dir='ltr'>salute</span> <span class='ocrx_word' id='word_1_240' title='bbox 409 3283 463 3324; x_wconf 90' lang='lat' dir='ltr'>sua</span> <span class='ocrx_word' id='word_1_241' title='bbox 482 3266 550 3341; x_wconf 77' lang='lat' dir='ltr'>agit,</span> <span class='ocrx_word' id='word_1_242' title='bbox 572 3274 635 3324; x_wconf 91' lang='lat' dir='ltr'>orat</span> <span class='ocrx_word' id='word_1_243' title='bbox 653 3275 743 3341; x_wconf 91' lang='lat' dir='ltr'>atque</span> <span class='ocrx_word' id='word_1_244' title='bbox 764 3265 907 3338; x_wconf 89' lang='lat' dir='ltr'>obsecrat,</span> <span class='ocrx_word' id='word_1_245' title='bbox 929 3273 962 3322; x_wconf 94' lang='lat' dir='ltr'>ut</span> <span class='ocrx_word' id='word_1_246' title='bbox 981 3261 1038 3321; x_wconf 92' lang='lat' dir='ltr'>sibi</span> <span class='ocrx_word' id='word_1_247' title='bbox 1062 3274 1172 3338; x_wconf 88' lang='lat' dir='ltr'>parcat,</span> 
     </span>
     <span class='ocr_line' id='line_1_33' title="bbox 177 3358 1174 3436; baseline -0.002 -16"><span class='ocrx_word' id='word_1_248' title='bbox 177 3373 367 3436; x_wconf 89' lang='lat' dir='ltr'>veteremque</span> <span class='ocrx_word' id='word_1_249' title='bbox 381 3359 541 3420; x_wconf 90' lang='lat' dir='ltr'>amicitiam</span> <span class='ocrx_word' id='word_1_250' title='bbox 555 3372 771 3422; x_wconf 90' lang='lat' dir='ltr'>commemorat</span> <span class='ocrx_word' id='word_1_251' title='bbox 786 3361 980 3436; x_wconf 87' lang='lat' dir='ltr'>Caesarisque</span> <span class='ocrx_word' id='word_1_252' title='bbox 993 3358 1024 3417; x_wconf 91' lang='lat' dir='ltr'>in</span> <span class='ocrx_word' id='word_1_253' title='bbox 1039 3378 1071 3419; x_wconf 88' lang='lat' dir='ltr'>se</span> <span class='ocrx_word' id='word_1_254' title='bbox 1085 3363 1174 3420; x_wconf 89' lang='lat' dir='ltr'>bene-</span> 
     </span>
     <span class='ocr_line' id='line_1_34' title="bbox 146 3457 1172 3537; baseline 0.001 -20"><span class='ocrx_word' id='word_1_255' title='bbox 146 3458 245 3531; x_wconf 88' lang='lat' dir='ltr'>4hcia</span> <span class='ocrx_word' id='word_1_256' title='bbox 265 3459 403 3536; x_wconf 89' lang='lat' dir='ltr'>exponit;</span> <span class='ocrx_word' id='word_1_257' title='bbox 428 3478 504 3535; x_wconf 91' lang='lat' dir='ltr'>quae</span> <span class='ocrx_word' id='word_1_258' title='bbox 525 3471 609 3520; x_wconf 89' lang='lat' dir='ltr'>erant</span> <span class='ocrx_word' id='word_1_259' title='bbox 628 3459 777 3520; x_wconf 86' lang='lat' dir='ltr'>maxima:</span> <span class='ocrx_word' id='word_1_260' title='bbox 800 3460 882 3537; x_wconf 93' lang='lat' dir='ltr'>quod</span> <span class='ocrx_word' id='word_1_261' title='bbox 902 3478 954 3535; x_wconf 91' lang='lat' dir='ltr'>per</span> <span class='ocrx_word' id='word_1_262' title='bbox 972 3477 1042 3517; x_wconf 91' lang='lat' dir='ltr'>eum</span> <span class='ocrx_word' id='word_1_263' title='bbox 1063 3457 1094 3517; x_wconf 92' lang='lat' dir='ltr'>in</span> <span class='ocrx_word' id='word_1_264' title='bbox 1113 3460 1172 3518; x_wconf 90' lang='lat' dir='ltr'>col-</span> 
     </span>
    </p>
   </div>
   <div class='ocr_carea' id='block_1_5' title="bbox 0 0 1320 3834">
    <p class='ocr_par' dir='ltr' id='par_1_8' title="bbox 0 0 1320 3834">
     <span class='ocr_line' id='line_1_35' title="bbox 0 0 1320 3834; baseline 0 0"><span class='ocrx_word' id='word_1_265' title='bbox 0 0 1320 3834; x_wconf 95' lang='lat' dir='ltr'> </span> 
     </span>
    </p>
   </div>
  </div>
 </body>
</html>
