2625 3834
160 207 197 262 32
446 186 514 242 DE
540 185 690 244 BELLO
721 185 769 243 CI
773 185 866 241 VILI

130 360 143 400 1
220 342 282 398 LX.
327 338 449 398 Interim
469 340 616 399 Oscenses
636 349 666 398 et
681 337 901 415 Calagurritani,
916 340 967 415 qui
984 349 1067 398 erant
1080 358 1149 397 cum

161 434 340 496 Oscensibus
358 434 525 508 contributi,
540 434 663 494 mittunt
678 435 719 494 ad
737 454 805 493 eum
825 435 938 509 legatos
957 452 1081 509 seseque
1098 432 1150 490 im·

129 553 144 590 2
160 543 262 608 perata
275 533 403 591 facturos
417 531 601 606 pollicentur.
640 534 709 591 Hos
722 533 959 590 Tarraconenses
973 540 1003 590 et
1018 527 1150 590 Iacetani

160 639 190 687 et
217 626 361 687 Ausetani
388 638 418 686 et
445 627 558 704 paucis'
579 639 647 704 post
672 627 779 689 diebus
807 629 1071 705 Illurgavonenses⁴
1099 625 1151 703 qui

128 726 269 800 3flumen
304 723 452 785 Hiberum
486 724 642 802 attingunt,
675 723 876 800 insequuntur.
920 724 998 785 Petit
1032 725 1071 783 ab
1105 723 1151 782 his

161 822 308 893 omnibus,
326 832 359 881 ut
379 841 411 881 se
432 823 579 881 frumento
600 821 708 883 iuvent.
753 820 932 882 Pollicentur
951 832 1040 896 atque
1058 819 1152 880 omni-

110 911 111 916 *
161 921 216 979 bus
248 918 380 995 undique
412 917 586 995 conquisitis
616 918 756 978 iumentis
788 917 819 976 in
854 929 949 978 castra
983 919 1148 994 deportant

129 1015 279 1089 4Transit
295 1018 384 1076 etiam
402 1017 508 1076 cohors
528 1014 777 1093 Illurgavonensis
795 1017 835 1075 ad
854 1035 922 1074 eum
944 1014 1064 1092 cognito
1085 1014 1153 1074 civi-

163 1113 229 1173 tatis
244 1111 367 1172 consilio
381 1122 410 1172 et
424 1111 508 1189 signa
521 1132 557 1172 ex
571 1112 698 1172 statione
712 1113 855 1172 transfert
886 1114 1004 1188 'Magna
1020 1111 1153 1172 celeriter

131 1206 355 1286 5eommut'atio
375 1228 480 1268 rerum.
524 1209 659 1269 Perfecto
679 1215 781 1284 ponte,
798 1208 912 1285 magnis
933 1206 1065 1284 quinque
1085 1207 1154 1267 civi-

83 1368 85 1376 ,
163 1304 271 1364 tatibus
298 1305 338 1364 ad
365 1297 524 1364 amicitiam
552 1303 709 1378 adiunctis,
735 1304 871 1382 expedita
895 1325 926 1365 re
953 1302 1152 1378 frumentaria,

164 1402 314 1462 exstinctis
335 1401 499 1462 rumoribus
521 1403 559 1462 de
577 1401 691 1461 auxiliis
709 1401 869 1478 legionum,
884 1421 961 1479 quae
980 1421 1048 1461 cum
1068 1405 1153 1462 Pom-

163 1498 232 1576 peio
260 1519 313 1575 per
341 1498 551 1558 Mauritaniam
579 1498 679 1558 venire
703 1498 886 1571 dicebantur,
907 1500 1017 1558 multae
1041 1497 1154 1575 longin-

163 1594 281 1670 quiores
291 1594 424 1655 civitates
435 1597 473 1654 ab
484 1594 607 1655 Afranio
621 1594 791 1655 desciscunt
805 1605 836 1654 et
846 1593 980 1654 Caesaris
993 1594 1154 1655 amicitiam

164 1703 332 1770 sequuntur,
1126 1773 1130 1775 Α

135 1813 148 1850 1
225 1793 306 1850 LXI.
350 1790 466 1866 Quibus
490 1793 578 1851 rebus
605 1787 764 1866 perterritis
793 1787 898 1848 animis
922 1787 1153 1850 adversariorum

166 1890 277 1948 Caesar
290 1906 327 1946 ne
347 1905 463 1962 semper
477 1905 586 1963 magno
601 1885 725 1946 circuitu
743 1905 797 1961 per
814 1896 937 1963 pontem
952 1885 1098 1962 equitatus
1113 1905 1155 1946 es-

166 1996 210 2044 set
224 1984 396 2055 mittendus,
411 1993 515 2043 nactus
532 1983 674 2043 idoneum
689 1985 789 2043 locum
810 1984 903 2042 fossas
918 1984 1028 2060 pedum
1042 1981 1155 2044 xxxin

166 2080 352 2141 latitudinem
377 2082 547 2156 complures
568 2083 665 2140 facere
686 2079 820 2152 instituit,
842 2068 949 2155 quibus
973 2091 1086 2157 partem
1106 2080 1156 2139 ali-

135 2199 150 2236 2
167 2197 256 2254 quam
267 2175 373 2237 Sicoris
384 2187 527 2236 averteret
537 2178 707 2254 vadumque
718 2175 749 2235 in
760 2196 797 2238 eo
807 2176 928 2236 flumine
939 2179 1072 2238 efficeret.
1097 2176 1156 2236 His

166 2295 261 2352 paene
288 2273 398 2335 effectis
425 2294 564 2352 magnum
589 2273 620 2334 in
643 2272 781 2334 timorem
805 2274 942 2334 Afranius
966 2273 1157 2350 Petreiusque

166 2369 349 2449 perveniunt,
378 2391 416 2431 ne
448 2370 569 2432 omnino
601 2372 749 2432 frumento
781 2373 952 2449 pabuloque
983 2371 1158 2434 interclude

166 2481 273 2544 rentur,
303 2470 384 2545 quod
416 2470 541 2528 multum
573 2471 683 2530 Caesar
714 2469 847 2545 equitatu
880 2470 1005 2529 valebat.
1052 2472 1158 2546 Itaque

168 2567 351 2628 constituunt
374 2566 431 2644 ipsi
457 2566 529 2628 locis
555 2568 699 2628 excedere
722 2578 752 2627 et
776 2566 807 2627 in
832 2567 1022 2628 Celtiberiam
1046 2569 1158 2628 bellum

137 2684 154 2740 3
168 2667 329 2726 transferre.
373 2661 454 2722 Huic
468 2662 592 2723 consilio
607 2665 817 2740 suffragabatur
831 2665 920 2724 etiam
934 2665 984 2724 illa
996 2683 1051 2738 res,
1066 2666 1157 2740 quod,
1190 2703 1193 2709 ·

169 2779 205 2820 ex
228 2761 343 2820 duobus
368 2757 520 2818 contrariis
542 2758 700 2836 generibus
721 2779 798 2836 quae
819 2759 968 2837 superiore
988 2761 1069 2820 bello
1089 2780 1158 2820 cum

170 2853 296 2914 Sertorio
317 2863 457 2913 steterant
477 2851 618 2924 civitates,
641 2853 737 2913 victae
757 2872 868 2914 nomen
891 2863 979 2929 atque
1002 2839 1158 2930 imperium

170 2947 300 3009 absentis
328 2948 453 3025 Pompei
480 2948 633 3021 timebant,
662 2969 738 3025 quae
765 2947 796 3009 in
823 2949 951 3009 amicitia
980 2937 1157 3024 mansera'nt,

171 3046 285 3122 magnis
305 3047 427 3106 affectae
446 3043 598 3106 beneficiis
619 3065 688 3118 eum
708 3044 879 3124 diligebant,
901 3046 1036 3108 Caesaris
1059 3057 1160 3107 autem

172 3152 234 3200 erat
253 3143 284 3200 in
303 3142 434 3201 barbaris
454 3161 565 3202 nomen
586 3141 747 3203 obscurius.
791 3143 853 3203 Hic
876 3131 1000 3221 magnos
1013 3142 1161 3220 equitatus

172 3253 337 3311 magnaque
364 3235 472 3296 auxilia
503 3241 716 3313 exspectabant
742 3248 773 3298 et
799 3238 859 3299 suis
886 3239 959 3300 locis
986 3239 1097 3299 bellum
1129 3235 1161 3296 in

141 3345 160 3400 4
175 3328 303 3388 hiemem
317 3330 426 3390 ducere
439 3333 616 3408 cogitabant.
651 3336 723 3394 Hoc
736 3333 810 3395 inito
824 3333 948 3396 consilio
961 3345 1026 3396 toto
1039 3335 1162 3394 flumine

177 3421 291 3481 Hibero
313 3441 401 3482 naves
420 3427 591 3501 conquirere
610 3438 640 3488 et
655 3430 834 3506 Octogesam
848 3429 957 3492 adduci
970 3430 1080 3490 iubent
1124 3429 1162 3489 Id
