2625 3834
182 173 217 230 16
471 173 539 230 DE
564 171 715 229 BELLO
745 171 891 230 CIVILI

146 327 164 383 6
178 343 266 401 posse
284 322 330 402 agi
349 326 388 386 de
401 323 624 401 compositione.
661 325 709 383 Ita
721 322 838 399 saepius
851 341 914 383 rem
927 323 1033 382 trustra
1046 333 1174 400 tempta·

178 432 238 479 tarn
253 422 364 482 Caesar
382 419 542 495 aliquando
556 419 764 481 dimittendam
779 417 835 478 sibi
854 416 966 478 iudicat
984 429 1015 479 et
1035 419 1174 480 debello

177 515 334 590 agendum.

148 630 160 668 1
236 612 369 670 XXVII.
413 611 509 686 Prope
528 606 653 668 dimidia
671 618 755 686 parte
770 607 867 686 operis
885 629 904 669 a
921 610 1048 670 Caesare
1066 610 1172 670 effecta

177 704 340 782 diebusque
368 705 398 764 in
426 724 462 764 ea
489 724 521 766 re
547 703 733 780 consumptis
762 722 805 778 rx,
834 723 925 764 naves
951 723 970 763 a
999 704 1172 765 consulibus

115 799 119 804 ’
178 803 340 878 Dyrrachio
372 801 519 878 remissae,
551 821 628 878 quae
662 801 791 878 priorem
818 812 933 878 partem
961 801 1105 861 exercitus
1132 821 1170 862 eo

146 900 411 977 adeportaverant,
447 898 636 960 Brundisium
670 908 861 960 revertuntur.
914 897 1075 975 Pompeius
1109 899 1171 960 sive

176 998 315 1074 operibus
343 997 478 1060 Caesaris
505 1007 656 1074 pennotus
688 994 750 1057 sive
782 995 881 1068 etiam,
909 997 993 1073 quod
1018 996 1057 1056 ab
1085 994 1171 1055 initio

177 1090 264 1152 Italia
284 1093 426 1152 excedere
447 1090 647 1165 constituerat,
665 1091 795 1151 adventu
816 1089 935 1150 navium
955 1088 1170 1166 prosectionem

144 1208 279 1264 3parare
298 1187 402 1265 incipit
422 1198 461 1259 et,
483 1206 544 1264 quo
563 1186 679 1246 facilius
702 1185 847 1262 impetum
872 1184 1007 1246 Caesaris
1031 1187 1170 1260 tardaret,

176 1305 215 1346 ne
229 1287 284 1345 sub
297 1285 361 1361 ipsa
375 1276 556 1362 profectione
571 1283 679 1343 milites
693 1283 838 1360 oppidum
851 1282 1053 1359 irrumperent,
1069 1293 1170 1359 portas

176 1382 309 1453 obstruit,
324 1382 405 1441 vicos
422 1383 595 1458 plateasque
613 1379 792 1453 inaedificat,
806 1381 900 1439 fossas
918 1390 1097 1440 transversas
1114 1378 1169 1438 viis

175 1479 327 1555 praeducit
354 1489 443 1554 atque
470 1476 511 1537 ibi
538 1478 627 1537 sudes
655 1475 829 1553 stipitesque
856 1487 1031 1553 praeacutos
1059 1477 1166 1566 defigit.

143 1580 263 1649 4Haec
291 1577 404 1638 levibus
436 1575 563 1636 cratibus
595 1586 731 1651 terraque
762 1574 911 1651 inaequat,
939 1573 1037 1634 aditus
1067 1587 1169 1635 autem

175 1684 265 1748 atque
286 1672 390 1734 itinera
411 1673 479 1745 duo,
499 1691 577 1748 quae
597 1682 679 1731 extra
696 1690 812 1730 murum
830 1671 870 1730 ad
888 1681 1006 1747 portum
1026 1673 1167 1744 ferebant,

174 1771 309 1830 maximis
335 1771 439 1832 defixis
466 1769 596 1830 trabibus
624 1780 714 1846 atque
738 1771 780 1828 eis
805 1767 969 1844 praeacutis
995 1768 1167 1844 praesaepit.

144 1881 159 1940 5
176 1863 234 1924 His
254 1863 361 1941 paratis
380 1864 467 1925 rebus
485 1862 593 1923 milites
613 1862 730 1923 silentio
748 1881 839 1922 naves
857 1861 1058 1921 conscendere
1074 1860 1165 1937 iubet,

174 1960 328 2036 expeditos
355 1972 454 2020 autem
487 1979 524 2020 ex
555 1960 694 2031 evocatis,
726 1957 879 2036 sagittariis
910 1957 1168 2034 funditoribusque

142 2060 254 2116 draros
285 2057 316 2114 in
349 2077 433 2115 muro
465 2057 652 2133 turribusque
685 2055 825 2133 disponit.
869 2057 937 2114 Hos
969 2066 1051 2115 certo
1083 2053 1168 2132 signo

174 2173 312 2214 revocare
343 2154 505 2227 constituit,
533 2174 603 2214 cum
637 2173 742 2214 omnes
769 2151 877 2213 milites
909 2171 1000 2212 naves
1027 2171 1168 2212 conscen-

173 2250 294 2324 dissent,
309 2261 398 2328 atque
412 2250 454 2311 eis
468 2250 608 2326 expedito
625 2252 694 2310 loco
707 2248 838 2309 actuaria
851 2248 967 2326 navigia
980 2247 1125 2325 relinquit

138 2367 151 2406 1
228 2349 377 2407 XXVIII.
421 2347 589 2408 Brundisini
619 2345 868 2423 Pompeianorum
897 2345 1024 2405 militum
1056 2343 1167 2405 iniuriis

173 2456 263 2522 atque
290 2445 381 2522 ipsius
409 2444 534 2521 Pompei
558 2444 744 2504 contumeliis
771 2444 897 2521 permoti
921 2443 1056 2506 Caesaris
1080 2444 1167 2504 rebus

65 2603 66 2607 ,
142 2544 319 2604 alavebant.
363 2545 469 2617 ltaque
491 2540 611 2618 cognita
635 2540 761 2617 Pompei
784 2538 968 2617 profectione
992 2559 1167 2600 concursan-

174 2641 251 2700 tibus
272 2639 329 2697 illis
349 2649 438 2713 atque
459 2636 490 2696 in
511 2657 547 2697 ea
567 2656 598 2696 re
618 2636 771 2712 occupatis
791 2638 881 2712 vulgo
901 2657 939 2696 ex
958 2636 1045 2697 tectis
1061 2637 1165 2714 signifi-

173 2738 288 2796 cabant.
325 2737 381 2793 Per
395 2752 470 2809 quos
484 2752 515 2792 re
529 2733 647 2809 cognita
662 2736 772 2794 Caesar
785 2734 879 2792 scalas
892 2732 987 2809 parari
1001 2733 1167 2809 militesque

172 2830 277 2891 armari
301 2829 391 2902 iubet,
417 2848 456 2889 ne
479 2848 569 2905 quarn
592 2829 634 2890 rei
661 2831 809 2906 gerendae
832 2832 1004 2889 facultatem
1028 2829 1164 2889 dimittat

140 2923 333 3000 3Pompeius
357 2924 412 2982 sub
436 2932 556 2982 noctem
579 2940 672 2982 naves
696 2922 790 2982 solvit.
833 2921 894 2996 Qui
922 2932 1005 2981 erant
1027 2921 1059 2980 in
1082 2941 1167 2982 muro

172 3017 325 3078 custodiae
345 3036 434 3077 causa
452 3016 599 3088 collocati,
612 3036 649 3078 eo
671 3017 765 3095 signo,
783 3017 865 3094 quod
883 3028 1071 3090 convenerat,
1085 3036 1167 3078 revo

139 3126 275 3188 4cantur
303 3112 441 3190 notisque
473 3112 627 3172 itineribus
654 3113 694 3172 ad
721 3131 811 3173 naves
838 3112 1004 3172 decurrunt.
1054 3112 1166 3172 Milites

171 3211 275 3288 positis
299 3209 384 3269 scalis
409 3228 507 3269 muros
531 3209 706 3281 ascendunt,
731 3209 784 3269 sed
808 3207 914 3268 moniti
934 3228 953 3266 a
973 3205 1165 3281 Brundisinis,

173 3317 206 3366 ut
229 3307 337 3364 vallum
361 3323 484 3364 caecum
506 3306 659 3380 fossasque
683 3315 816 3377 caveant,
841 3302 1003 3363 subsistunt
1026 3312 1056 3362 et
1076 3305 1166 3378 longo

173 3400 277 3458 itinere
297 3399 335 3457 ab
356 3395 401 3456 his
422 3397 615 3458 circumducti
635 3398 675 3457 ad
695 3408 814 3474 portum
834 3395 1008 3474 perveniunt
1032 3397 1166 3472 duasque
