2625 3834
165 235 203 288 44
443 217 510 274 DE
537 216 686 274 narro
717 215 862 275 crrrrr

165 373 283 431 Caesari
298 373 374 430 filius
389 371 508 431 Afranii.
551 371 678 431 Venitur
691 374 722 430 in
735 392 803 431 eum
818 374 925 444 locum,
941 393 1030 449 quem
1045 375 1155 434 Caesar

131 489 148 542 3
163 469 279 545 delegit.
322 469 472 529 Audiente
485 480 610 545 utroque
624 468 752 528 exercitu
766 469 895 545 loquitur
907 471 1060 530 Afranius:
1081 474 1152 530 Non

163 585 227 624 esse
245 577 296 625 aut
315 565 385 642 ipsis
399 578 448 626 aut
465 567 605 626 militibus
619 567 864 640 succensendum,
881 569 964 642 quod
977 569 1067 626 fidem
1084 587 1154 644 erga

163 659 369 737 imperatorem
397 682 482 722 suum
512 663 566 722 Cn.
597 662 773 738 Pompeium
802 682 974 722 conservare
996 663 1150 722 voluerint.

130 757 222 829 4Sed
241 756 310 816 satis
328 758 387 816 iam
410 758 514 818 secisse
533 757 630 817 officio
644 757 772 834 satisque
787 759 921 834 supplicii
936 759 1043 818 tulisse.
1087 763 1153 820 Per-

163 871 266 927 pessos
287 853 419 920 omnium
440 873 535 913 rerum
554 853 705 929 inopiam;
725 873 806 911 nunc
825 873 894 914 vero
912 873 1008 930 paene
1025 866 1057 914 ut
1078 857 1152 914 seras

160 948 399 1010 circummunitos
427 949 575 1027 prohiberi
602 970 688 1027 aqua,
714 950 863 1026 prohiberi
890 950 1030 1027 ingressu,
1055 971 1152 1028 neque

162 1065 284 1122 corpore
310 1049 443 1108 dolorem
475 1067 573 1124 neque
602 1048 703 1108 animo
730 1047 922 1124 ignominiam
949 1051 1023 1108 serre
1054 1070 1150 1125 posse.

130 1144 267 1219 5Itaque
294 1164 326 1203 se
352 1145 446 1204 victos
474 1145 624 1204 confiteri:
649 1164 733 1205 orare
756 1156 845 1221 atque
869 1147 1032 1218 obsecrare,
1053 1147 1077 1205 si
1100 1147 1177 1222 qui,

161 1241 243 1298 locus
259 1239 476 1301 misericordiae
494 1242 684 1319 relinquatur,
699 1263 738 1303 ne
759 1244 797 1302 ad
818 1243 954 1303 ultimum
975 1245 1150 1320 supplicium

161 1339 297 1413 progredi
312 1358 432 1398 necesse
451 1341 566 1400 habeat.
611 1342 699 1400 Haec
716 1359 806 1415 quam
826 1351 926 1416 potest
943 1341 1152 1402 demississime

162 1443 191 1492 et
205 1434 418 1495 subiectissime
433 1435 561 1511 exponit.

132 1549 144 1586 1
222 1532 374 1589 LXXXV.
417 1533 467 1590 Ad
481 1551 517 1590 ea
531 1531 824 1607 Caesarrespondit:
854 1535 937 1592 Nulli
951 1535 1083 1593 omnium
1097 1537 1151 1596 has

160 1639 257 1703 partes
278 1629 324 1688 vel
345 1627 547 1704 querimoniae
565 1631 612 1690 vel
633 1628 827 1690 miserationis
849 1630 946 1688 minus
967 1631 1149 1692 convenisse.

130 1745 145 1783 2
162 1723 305 1800 Reliquos
326 1723 406 1783 enim
427 1744 532 1784 omnes
553 1725 683 1784 officium
704 1744 790 1783 suum
815 1725 1013 1801 praestitisse:
1040 1748 1076 1799 se,
1098 1727 1150 1803 qui

161 1822 249 1881 etiam
266 1824 347 1880 bona
363 1821 547 1892 condicione,
563 1833 593 1882 et
607 1824 676 1882 loco
690 1833 719 1882 et
733 1834 870 1898 tempore
882 1843 980 1900 aequo
993 1826 1151 1903 confligere

161 1916 295 1988 noluerit,
317 1928 349 1976 ut
377 1938 466 1994 quam
494 1917 680 1994 integerrima
707 1929 806 1978 essent
832 1920 872 1977 ad
900 1937 1005 1995 pacem
1032 1921 1151 1995 omnia;

161 2012 318 2073 exercitum
346 2035 441 2088 suum,
462 2015 512 2091 qui
537 2015 641 2075 iniuria
665 2016 755 2074 etiam
778 2027 902 2092 accepta
926 2019 1045 2094 suisque
1065 2019 1151 2080 inter-

160 2109 254 2182 fectiS,
269 2129 343 2185 quos
356 2110 388 2168 in
407 2130 460 2170 sua
473 2121 620 2187 potestate
639 2111 783 2184 habuerit,
798 2113 977 2173 conservarit
991 2125 1021 2174 et
1034 2117 1151 2188 texerit3

160 2203 237 2263 illius
257 2206 386 2281 denique
407 2206 550 2266 exercitus
571 2205 688 2276 milites,
708 2207 759 2283 qui
780 2226 833 2282 per
853 2227 885 2266 se
906 2209 945 2268 de
965 2210 1152 2272 concilianda

160 2321 234 2378 pace
253 2303 373 2379 egerint,
389 2324 448 2380 qua
467 2303 498 2362 in
516 2324 548 2364 re
562 2304 696 2363 omnium
710 2323 830 2363 suorum
844 2303 921 2365 vitae
935 2308 1151 2367 consulendum

129 2420 145 2474 3
160 2399 297 2474 putarint.
340 2401 387 2460 Sic
406 2400 538 2460 omnium
556 2399 694 2459 ordinum
708 2410 807 2475 partes
821 2399 851 2458 in
865 2399 1067 2461 misericordia
1080 2424 1150 2464 con-

161 2495 276 2569 stitisse,
291 2496 371 2573 ipsos
385 2498 476 2556 duces
490 2517 508 2555 a
522 2515 596 2572 pace
610 2495 813 2569 abhorruisse3
834 2517 886 2556 eos
899 2518 998 2574 neque
1011 2503 1152 2580 colloquii

160 2612 258 2669 neque
275 2592 454 2653 indutiarum
471 2592 534 2652 iura
551 2611 681 2652 servasse
695 2604 725 2652 et
738 2593 874 2653 homines
890 2593 1042 2671 imperitos
1055 2609 1085 2658 et
1098 2619 1152 2675 per

42 2743 43 2746 ,
128 2690 340 2765 4colloquium
369 2692 510 2765 deceptos
538 2688 738 2748 crudelissime
766 2688 954 2752 interfecisse.
997 2694 1151 2756 Accidisse

160 2783 247 2860 igitur
259 2785 312 2856 his,
328 2787 408 2860 quod
422 2786 596 2860 plerumque
609 2784 764 2842 hominum
783 2785 875 2844 nimia
887 2787 1048 2863 pertinacia
1061 2801 1151 2867 atque

160 2882 324 2956 arrogantia
336 2880 470 2941 accidere
484 2883 586 2952 soleat,
602 2880 644 2940 uti
659 2900 696 2940 eo
709 2893 858 2942 recurrant
872 2895 902 2943 et
915 2883 948 2944 id
960 2886 1151 2961 cupidissime

129 2992 143 3050 5
160 2985 270 3051 petant,
292 2977 374 3050 quod
394 2978 484 3052 paulo
503 2988 572 3037 ante
597 2979 837 3053 contempserint.
881 2983 988 3057 Neque
1011 3002 1091 3041 nunc
1109 2998 1151 3044 'se

159 3073 275 3131 illorum
290 3073 455 3134 humilitate
468 3094 566 3151 neque
580 3073 681 3151 aliqua
694 3078 835 3152 temporis
849 3078 1071 3153 opportunitate
1084 3099 1151 3156 pos·

159 3165 260 3235 tulare,
275 3164 382 3240 quibus
396 3167 482 3225 rebus
498 3186 570 3242 opes
584 3180 746 3243 augeantur
760 3188 830 3228 suae
835 3189 845 3242 3
865 3171 919 3229 sed
932 3190 984 3231 eos
998 3173 1150 3246 exercitus,

159 3279 233 3336 quos
254 3272 357 3320 contra
377 3281 409 3322 se
436 3265 545 3322 multos
574 3263 633 3322 iam
658 3284 754 3324 annos
777 3265 910 3338 aluerint,
932 3269 1008 3328 velle
1031 3268 1149 3332 dimitti.

67 3427 70 3434 ἱ
128 3357 145 3410 6
161 3357 265 3430 Neque
283 3356 363 3415 enim
386 3375 417 3415 vr
437 3358 567 3434 legiones
581 3358 638 3417 alia
652 3362 691 3420 de
705 3381 794 3421 causa
808 3362 912 3422 missas
926 3363 956 3422 in
972 3366 1151 3441 Hispaniam

160 3449 374 3525 septimamque
394 3452 434 3510 ibi
455 3453 662 3531 conscriptam,
682 3475 781 3538 neque
801 3467 846 3516 tot
867 3469 1023 3538 tantasque
1042 3463 1151 3526 classes
