2625 3834
392 191 531 250 arar
578 190 668 249 cra
698 190 929 248 vars-rav
1121 210 1156 268 25

168 345 293 414 barbaro
315 365 422 423 genere
442 344 573 422 quodam
594 362 712 421 pugnae
733 341 888 403 assuefacti
897 362 907 416 ;
934 345 1017 420 quod
1036 345 1096 404 fere
1116 345 1191 420 fit,3

168 443 277 521 quibus
305 443 429 520 quisque
456 441 487 514 in
515 441 588 502 locis
615 441 700 502 miles
731 439 944 512 inveteraverit,
972 452 1005 502 ut
1035 443 1159 501 multum

169 537 270 601 earum
288 539 442 617 regionum
458 538 675 600 consuetudine
694 548 853 599 moveatur.
898 539 987 598 Haec
1002 548 1067 597 tum
1085 537 1159 597 ratio
1174 557 1194 611 4

106 627 110 633 ⁵
169 647 287 698 nostros
299 635 481 714 perturbavit
491 636 624 696 insuetos
638 633 725 695 huius
738 633 854 712 generis
865 653 995 712 pugnae:
1016 634 1161 695 circumiri

169 734 249 796 enim
269 754 334 797 sese
352 737 390 796 ab
409 745 512 811 aperto
530 736 621 794 latere
639 732 883 812 procurrentibus
900 731 1021 809 singulis
1038 731 1158 793 arbitra-

169 836 296 909 bantur;
323 832 381 910 ipsi
401 843 502 892 autem
525 839 594 892 suo's
616 831 737 892 ordines
760 848 875 890 servare
897 848 994 905 neque
1014 831 1052 889 ab
1070 829 1159 906 signis

169 930 321 992 discedere
332 950 430 1008 neque
441 928 505 990 sine
515 927 595 1006 gravi
605 947 695 988 eausa
706 946 773 986 eum
785 927 895 999 locum,
907 930 996 1001 qu‘em
1011 936 1158 1002 ceperant,

94 1095 98 1100 ,
169 1029 278 1089 dimitti
288 1040 464 1090 censuerant
473 1039 618 1106 oportere.
657 1029 764 1103 Itaque
774 1024 951 1102 perturbatis
962 1023 1192 1102 antesignanis5

169 1125 255 1204 legio,
271 1145 347 1202 quae
362 1128 392 1184 in
408 1145 445 1186 eo
459 1144 552 1187 cornu
566 1123 749 1196 constiterat,
764 1124 864 1183 locum
879 1141 941 1182 non
960 1123 1055 1182 tenuit
1071 1132 1160 1196 atque

169 1219 201 1281 in
214 1221 381 1298 proximum
395 1222 502 1283 collem
517 1238 582 1281 sese
595 1219 717 1296 recepit.

229 1321 321 1377 XLV.
365 1320 476 1379 Caesar
488 1335 585 1394 paene
599 1317 681 1376 omni
694 1314 758 1376 acie
773 1315 932 1392 perterrita,
948 1316 1031 1390 quod
1045 1327 1161 1392 praeter
1178 1338 1190 1375 1

170 1413 343 1492 opinionem
370 1413 677 1491 consuetudinemque
704 1412 861 1486 acciderat,
889 1414 1060 1472 cohortatus
1092 1433 1161 1472 suos

170 1513 317 1590 legionem
338 1531 449 1573 nonam
469 1509 602 1572 subsidio
623 1510 725 1586 ducit;
752 1512 869 1571 hostem
890 1510 1052 1570 insolenter
1072 1521 1161 1588 atque

170 1609 273 1670 acriter
281 1619 398 1669 nostros
408 1608 613 1685 insequentem
624 1607 781 1694 supprimit
789 1626 948 1683 rursusque
958 1618 1041 1684 terga
1049 1619 1162 1669 vertere

170 1727 261 1785 seque
278 1709 318 1769 ad
338 1707 482 1785 oppidum
498 1708 627 1767 Ilerdam
643 1706 773 1783 recipere
787 1717 818 1766 et
832 1707 887 1766 sub
902 1725 987 1765 muro
1001 1705 1161 1766 consistere

170 1803 257 1883 cogit.
301 1806 360 1866 Sed
379 1823 476 1864 nonae
493 1802 618 1880 legionis
636 1802 744 1862 milites
762 1802 832 1862 elati
846 1801 954 1876 studio,
969 1804 1042 1863 dum
1057 1802 1162 1864 sarcire
1178 1824 1193 1862 2

170 1915 325 1980 acceptum
360 1900 568 1963 detrimentum
601 1901 715 1972 volunt,
744 1910 856 1960 temere
887 1898 1013 1960 insecuti
1045 1899 1161 1977 longius

170 2001 323 2078 fugientes,
338 1998 369 2058 in
385 2002 485 2059 locum
504 1998 639 2075 iniquum
662 1997 887 2076 progrediuntur
904 2008 934 2057 et
948 1998 1004 2058 sub
1018 2008 1160 2071 montem,

170 2097 201 2156 in
220 2116 280 2174 quo
299 2106 361 2156 erat
380 2095 524 2172 oppidum
543 2096 672 2173 positum
695 2096 802 2167 Ilerda,
818 2096 989 2156 succedunt.
1033 2094 1115 2154 Hinc
1129 2115 1161 2156 se
1176 2115 1193 2171 3

170 2194 300 2271 recipere
320 2212 389 2252 cum
409 2194 527 2265 vellent,
547 2213 645 2252 mrsus
666 2192 708 2252 illi
728 2213 764 2254 ex
784 2194 853 2252 loco
873 2191 1025 2268 superiore
1045 2202 1161 2252 nostros

170 2291 353 2369 premebant.
396 2291 574 2366 Praeruptus
595 2292 679 2350 locus
703 2301 775 2361 erat,
796 2300 920 2364 utraque
945 2309 980 2349 ex
1003 2299 1088 2366 parte
1112 2290 1194 2363 de-4

169 2398 275 2460 rectus,
290 2406 325 2446 ae
343 2396 459 2446 tantum
477 2384 508 2444 in
529 2385 718 2446 latitudinem
737 2388 867 2462 patebat,
882 2396 916 2444 ut
931 2395 990 2446 tres
1003 2384 1161 2446 instructae

170 2485 307 2544 cohortes
318 2501 386 2542 eum
397 2483 497 2541 locum
508 2483 671 2558 explerent,
685 2493 718 2541 ut
732 2498 831 2557 neque
845 2480 978 2541 subsidia
990 2501 1008 2540 a
1021 2483 1161 2543 lateribus

171 2578 315 2640 summitti
328 2597 425 2654 neque
438 2577 553 2655 equites
567 2579 769 2639 laborantibus
784 2578 849 2638 usui
864 2597 928 2638 esse
942 2589 1070 2654 possent
1112 2581 1160 2640 Ab
1177 2597 1192 2658 5

170 2675 282 2753 oppido
296 2686 394 2734 autem
414 2673 534 2734 declivis
549 2677 632 2734 locus
646 2675 729 2734 tenui
743 2674 859 2752 fastigio
873 2676 1013 2752 vergebat
1026 2674 1057 2733 in
1071 2675 1161 2753 longi-

170 2771 304 2832 tudinem
318 2790 459 2847 passuum
472 2771 587 2831 circiter
600 2786 684 2832 cece.
728 2773 796 2831 Hac
816 2771 922 2832 nostris
941 2781 1002 2832 erat
1015 2782 1160 2848 receptus,
1175 2776 1193 2831 6

170 2871 253 2945 quod
268 2888 305 2940 eo
318 2867 431 2928 incitati
452 2867 550 2928 studio
568 2868 763 2929 inconsultius
777 2880 1001 2945 processerant;
1019 2870 1078 2952 hoc
1091 2890 1161 2948 pug-

170 2967 296 3026 nabatur
312 2967 390 3039 loco,
406 2977 435 3026 et
454 2977 574 3043 propter
592 2967 741 3043 angustias
760 2966 862 3043 iniquo
879 2978 910 3028 et
923 2968 1006 3044 quod
1021 2969 1076 3028 sub
1090 2968 1161 3046 ipsis

169 3061 318 3128 radicibus
346 3062 456 3122 montis
483 3062 685 3136 constiterant,
702 3073 733 3122 ut
758 3065 872 3122 nullum
893 3064 999 3122 frustra
1019 3065 1111 3123 telum
1129 3064 1161 3124 iu

170 3178 222 3221 eos
236 3159 404 3220 mitteretur.
440 3161 556 3219 Tamen
569 3159 676 3220 virtute
690 3170 720 3219 et
734 3159 875 3235 patientia
889 3160 1059 3221 nitebantur
1071 3170 1160 3237 atque

169 3254 272 3316 omnia
284 3256 405 3314 vulnera
424 3253 616 3314 sustinebant.
661 3256 853 3332 Augebantur
869 3255 926 3314 illis
940 3253 1054 3330 copiae,
1069 3264 1158 3328 atque
1176 3271 1191 3329 7

169 3371 205 3412 ex
219 3351 321 3410 castris
335 3351 472 3411 cohortes
486 3370 539 3426 per
558 3351 703 3427 oppidum
722 3354 827 3411 crebro
846 3351 1112 3420 summittebantur,
1127 3360 1160 3407 ut

169 3449 273 3525 integri
288 3447 410 3508 defessis
423 3448 624 3508 succederent.
662 3451 734 3506 Hoc
746 3447 827 3506 idem
842 3450 952 3508 Caesar
967 3447 1061 3502 lacere
1075 3446 1192 3519 coge-8
