<?xml version="1.0" encoding="UTF-8"?>
<!DOCTYPE html PUBLIC "-//W3C//DTD XHTML 1.0 Transitional//EN"
    "http://www.w3.org/TR/xhtml1/DTD/xhtml1-transitional.dtd">
<html xmlns="http://www.w3.org/1999/xhtml" xml:lang="en" lang="en">
 <head>
  <title>
</title>
<meta http-equiv="Content-Type" content="text/html;charset=utf-8" />
  <meta name='ocr-system' content='tesseract 3.04.00' />
  <meta name='ocr-capabilities' content='ocr_page ocr_carea ocr_par ocr_line ocrx_word'/>
</head>
<body>
  <div class='ocr_page' id='page_1' title='image "./gaiiulicaesaris02peskgoog_0052.png"; bbox 0 0 2625 3834; ppageno 0'>
   <div class='ocr_carea' id='block_1_1' title="bbox 352 227 1146 312">
    <p class='ocr_par' dir='ltr' id='par_1_1' title="bbox 352 227 1146 312">
     <span class='ocr_line' id='line_1_1' title="bbox 352 227 1146 312; baseline 0.001 -25"><span class='ocrx_word' id='word_1_1' title='bbox 352 229 436 288; x_wconf 80' lang='grc' dir='ltr'><strong>ΜΒ.</strong></span> <span class='ocrx_word' id='word_1_2' title='bbox 467 229 492 286; x_wconf 72' lang='lat' dir='ltr'><em>L</em></span> <span class='ocrx_word' id='word_1_3' title='bbox 541 228 630 286; x_wconf 83' lang='lat' dir='ltr'><em>CAP.</em></span> <span class='ocrx_word' id='word_1_4' title='bbox 661 227 945 312; x_wconf 83' lang='lat' dir='ltr'><em>XXXIX-XLII.</em></span> <span class='ocrx_word' id='word_1_5' title='bbox 1110 249 1146 306; x_wconf 81' lang='lat'><strong>23</strong></span> 
     </span>
    </p>
   </div>
   <div class='ocr_carea' id='block_1_2' title="bbox 70 379 1181 3071">
    <p class='ocr_par' dir='ltr' id='par_1_2' title="bbox 152 379 1181 1328">
     <span class='ocr_line' id='line_1_2' title="bbox 153 379 1147 461; baseline 0.004 -21"><span class='ocrx_word' id='word_1_6' title='bbox 153 381 318 455; x_wconf 86' lang='lat' dir='ltr'><strong>necessaria</strong></span> <span class='ocrx_word' id='word_1_7' title='bbox 333 401 364 443; x_wconf 89' lang='lat' dir='ltr'><strong>re</strong></span> <span class='ocrx_word' id='word_1_8' title='bbox 383 393 505 461; x_wconf 89' lang='lat' dir='ltr'><strong>coactus</strong></span> <span class='ocrx_word' id='word_1_9' title='bbox 523 382 623 442; x_wconf 93' lang='lat' dir='ltr'><strong>locum</strong></span> <span class='ocrx_word' id='word_1_10' title='bbox 642 379 723 458; x_wconf 85' lang='lat' dir='ltr'><strong>capit</strong></span> <span class='ocrx_word' id='word_1_11' title='bbox 742 381 923 458; x_wconf 90' lang='lat' dir='ltr'><strong>superiorem</strong></span> <span class='ocrx_word' id='word_1_12' title='bbox 943 381 1147 461; x_wconf 83' lang='lat' dir='ltr'>diversamque</span> 
     </span>
     <span class='ocr_line' id='line_1_3' title="bbox 152 476 1147 556; baseline 0.003 -19"><span class='ocrx_word' id='word_1_13' title='bbox 152 476 248 538; x_wconf 81' lang='lat' dir='ltr'>aciem</span> <span class='ocrx_word' id='word_1_14' title='bbox 262 477 294 538; x_wconf 92' lang='lat' dir='ltr'><strong>in</strong></span> <span class='ocrx_word' id='word_1_15' title='bbox 308 480 381 539; x_wconf 90' lang='lat' dir='ltr'><strong>duas</strong></span> <span class='ocrx_word' id='word_1_16' title='bbox 402 489 500 556; x_wconf 87' lang='lat' dir='ltr'><strong>partes</strong></span> <span class='ocrx_word' id='word_1_17' title='bbox 514 479 676 550; x_wconf 91' lang='lat' dir='ltr'><strong>constituit,</strong></span> <span class='ocrx_word' id='word_1_18' title='bbox 691 498 730 540; x_wconf 93' lang='lat' dir='ltr'><strong>ne</strong></span> <span class='ocrx_word' id='word_1_19' title='bbox 745 480 783 538; x_wconf 86' lang='lat' dir='ltr'><strong>ab</strong></span> <span class='ocrx_word' id='word_1_20' title='bbox 798 478 930 555; x_wconf 86' lang='lat' dir='ltr'><strong>equitatu</strong></span> <span class='ocrx_word' id='word_1_21' title='bbox 944 479 1147 541; x_wconf 89' lang='lat' dir='ltr'><strong>circumveniri</strong></span> 
     </span>
     <span class='ocr_line' id='line_1_4' title="bbox 152 573 1179 652; baseline 0.004 -20"><span class='ocrx_word' id='word_1_22' title='bbox 152 583 260 651; x_wconf 88' lang='lat' dir='ltr'><strong>posset</strong></span> <span class='ocrx_word' id='word_1_23' title='bbox 305 577 353 634; x_wconf 86' lang='lat' dir='ltr'><strong>Ita</strong></span> <span class='ocrx_word' id='word_1_24' title='bbox 379 593 554 652; x_wconf 86' lang='lat' dir='ltr'><strong>congressus</strong></span> <span class='ocrx_word' id='word_1_25' title='bbox 581 573 688 651; x_wconf 85' lang='lat' dir='ltr'><strong>impari</strong></span> <span class='ocrx_word' id='word_1_26' title='bbox 716 593 839 635; x_wconf 90' lang='lat' dir='ltr'><strong>numero</strong></span> <span class='ocrx_word' id='word_1_27' title='bbox 867 593 992 652; x_wconf 87' lang='lat' dir='ltr'><strong>magnos</strong></span> <span class='ocrx_word' id='word_1_28' title='bbox 1018 575 1179 652; x_wconf 89' lang='lat' dir='ltr'><strong>impetus6</strong></span> 
     </span>
     <span class='ocr_line' id='line_1_5' title="bbox 152 669 1178 749; baseline 0.006 -22"><span class='ocrx_word' id='word_1_29' title='bbox 152 670 303 747; x_wconf 86' lang='lat' dir='ltr'><strong>legionum</strong></span> <span class='ocrx_word' id='word_1_30' title='bbox 330 671 539 748; x_wconf 84' lang='lat' dir='ltr'><strong>equitatusque</strong></span> <span class='ocrx_word' id='word_1_31' title='bbox 564 669 698 730; x_wconf 88' lang='lat' dir='ltr'><strong>sustinet.</strong></span> <span class='ocrx_word' id='word_1_32' title='bbox 742 669 912 732; x_wconf 89' lang='lat' dir='ltr'><strong>Commisso</strong></span> <span class='ocrx_word' id='word_1_33' title='bbox 935 673 974 731; x_wconf 91' lang='lat' dir='ltr'><strong>ab</strong></span> <span class='ocrx_word' id='word_1_34' title='bbox 998 672 1178 749; x_wconf 84' lang='lat' dir='ltr'><strong>equitibus7</strong></span> 
     </span>
     <span class='ocr_line' id='line_1_6' title="bbox 152 765 1146 846; baseline 0.004 -21"><span class='ocrx_word' id='word_1_35' title='bbox 152 765 265 844; x_wconf 89' lang='lat' dir='ltr'><strong>proelio</strong></span> <span class='ocrx_word' id='word_1_36' title='bbox 280 766 363 844; x_wconf 85' lang='lat' dir='ltr'><strong>signa</strong></span> <span class='ocrx_word' id='word_1_37' title='bbox 376 767 526 844; x_wconf 83' lang='lat' dir='ltr'><strong>legionum</strong></span> <span class='ocrx_word' id='word_1_38' title='bbox 547 769 672 827; x_wconf 91' lang='lat' dir='ltr'><strong>duarum</strong></span> <span class='ocrx_word' id='word_1_39' title='bbox 686 768 791 843; x_wconf 92' lang='lat' dir='ltr'><strong>procul</strong></span> <span class='ocrx_word' id='word_1_40' title='bbox 804 769 843 827; x_wconf 91' lang='lat' dir='ltr'><strong>ab</strong></span> <span class='ocrx_word' id='word_1_41' title='bbox 857 766 988 843; x_wconf 92' lang='lat' dir='ltr'><strong>utrisque</strong></span> <span class='ocrx_word' id='word_1_42' title='bbox 1001 769 1146 846; x_wconf 91' lang='lat' dir='ltr'><strong>conspici-</strong></span> 
     </span>
     <span class='ocr_line' id='line_1_7' title="bbox 152 864 1181 942; baseline 0.005 -20"><span class='ocrx_word' id='word_1_43' title='bbox 152 873 250 936; x_wconf 90' lang='lat' dir='ltr'><strong>untur,</strong></span> <span class='ocrx_word' id='word_1_44' title='bbox 278 884 351 941; x_wconf 91' lang='lat' dir='ltr'><strong>quas</strong></span> <span class='ocrx_word' id='word_1_45' title='bbox 379 867 413 927; x_wconf 92' lang='lat' dir='ltr'><strong>C.</strong></span> <span class='ocrx_word' id='word_1_46' title='bbox 444 864 553 924; x_wconf 86' lang='lat' dir='ltr'>Fabius</span> <span class='ocrx_word' id='word_1_47' title='bbox 581 865 719 925; x_wconf 89' lang='lat' dir='ltr'><strong>ulteriore</strong></span> <span class='ocrx_word' id='word_1_48' title='bbox 751 875 844 942; x_wconf 90' lang='lat' dir='ltr'><strong>ponte</strong></span> <span class='ocrx_word' id='word_1_49' title='bbox 872 864 1006 926; x_wconf 89' lang='lat' dir='ltr'><strong>subsidio</strong></span> <span class='ocrx_word' id='word_1_50' title='bbox 1038 869 1145 928; x_wconf 87' lang='lat' dir='ltr'><strong>nostris</strong></span> <span class='ocrx_word' id='word_1_51' title='bbox 1178 912 1181 916; x_wconf 83' lang='lat'>.</span> 
     </span>
     <span class='ocr_line' id='line_1_8' title="bbox 152 959 1146 1037; baseline 0.006 -20"><span class='ocrx_word' id='word_1_52' title='bbox 152 959 272 1021; x_wconf 85' lang='lat' dir='ltr'><strong>miserat</strong></span> <span class='ocrx_word' id='word_1_53' title='bbox 298 960 471 1037; x_wconf 88' lang='lat' dir='ltr'><strong>suspicatus,</strong></span> <span class='ocrx_word' id='word_1_54' title='bbox 500 963 563 1021; x_wconf 86' lang='lat' dir='ltr'><strong>fore</strong></span> <span class='ocrx_word' id='word_1_55' title='bbox 590 960 630 1032; x_wconf 91' lang='lat' dir='ltr'><strong>id,</strong></span> <span class='ocrx_word' id='word_1_56' title='bbox 661 963 743 1037; x_wconf 93' lang='lat' dir='ltr'><strong>quod</strong></span> <span class='ocrx_word' id='word_1_57' title='bbox 770 960 887 1031; x_wconf 89' lang='lat' dir='ltr'><strong>accidit,</strong></span> <span class='ocrx_word' id='word_1_58' title='bbox 916 972 956 1022; x_wconf 60' lang='lat' dir='ltr'><strong>ut⁴</strong></span> <span class='ocrx_word' id='word_1_59' title='bbox 976 963 1069 1022; x_wconf 89' lang='lat' dir='ltr'><strong>duces</strong></span> <span class='ocrx_word' id='word_1_60' title='bbox 1095 965 1146 1023; x_wconf 90' lang='lat' dir='ltr'><strong>ad-</strong></span> 
     </span>
     <span class='ocr_line' id='line_1_9' title="bbox 152 1057 1146 1118; baseline -0.001 1"><span class='ocrx_word' id='word_1_61' title='bbox 152 1057 345 1118; x_wconf 88' lang='lat' dir='ltr'><strong>versariorum</strong></span> <span class='ocrx_word' id='word_1_62' title='bbox 373 1057 531 1117; x_wconf 87' lang='lat' dir='ltr'><strong>occasione</strong></span> <span class='ocrx_word' id='word_1_63' title='bbox 559 1067 589 1117; x_wconf 93' lang='lat' dir='ltr'><strong>et</strong></span> <span class='ocrx_word' id='word_1_64' title='bbox 615 1057 762 1118; x_wconf 87' lang='lat' dir='ltr'><strong>beneficio</strong></span> <span class='ocrx_word' id='word_1_65' title='bbox 796 1059 932 1118; x_wconf 83' lang='lat' dir='ltr'><strong>fortunae</strong></span> <span class='ocrx_word' id='word_1_66' title='bbox 963 1059 1003 1118; x_wconf 88' lang='lat' dir='ltr'><strong>ad</strong></span> <span class='ocrx_word' id='word_1_67' title='bbox 1030 1070 1146 1118; x_wconf 91' lang='lat' dir='ltr'><strong>nostros</strong></span> 
     </span>
     <span class='ocr_line' id='line_1_10' title="bbox 153 1154 1146 1232; baseline 0.002 -18"><span class='ocrx_word' id='word_1_68' title='bbox 153 1154 365 1231; x_wconf 89' lang='lat' dir='ltr'><strong>opprimendos</strong></span> <span class='ocrx_word' id='word_1_69' title='bbox 392 1164 548 1214; x_wconf 92' lang='lat' dir='ltr'><strong>uterentur.</strong></span> <span class='ocrx_word' id='word_1_70' title='bbox 593 1155 726 1230; x_wconf 90' lang='lat' dir='ltr'><strong>Quarum</strong></span> <span class='ocrx_word' id='word_1_71' title='bbox 753 1155 883 1216; x_wconf 90' lang='lat' dir='ltr'><strong>adventu</strong></span> <span class='ocrx_word' id='word_1_72' title='bbox 906 1155 1053 1232; x_wconf 91' lang='lat' dir='ltr'><strong>proelium</strong></span> <span class='ocrx_word' id='word_1_73' title='bbox 1080 1157 1146 1216; x_wconf 91' lang='lat' dir='ltr'><strong>diri-</strong></span> 
     </span>
     <span class='ocr_line' id='line_1_11' title="bbox 153 1249 944 1328; baseline 0.005 -21"><span class='ocrx_word' id='word_1_74' title='bbox 153 1249 241 1310; x_wconf 88' lang='lat' dir='ltr'><strong>mitur</strong></span> <span class='ocrx_word' id='word_1_75' title='bbox 254 1269 289 1309; x_wconf 98' lang='lat' dir='ltr'><strong>ac</strong></span> <span class='ocrx_word' id='word_1_76' title='bbox 304 1270 370 1309; x_wconf 89' lang='lat' dir='ltr'><strong>suas</strong></span> <span class='ocrx_word' id='word_1_77' title='bbox 384 1261 507 1327; x_wconf 90' lang='lat' dir='ltr'><strong>uterque</strong></span> <span class='ocrx_word' id='word_1_78' title='bbox 521 1250 653 1328; x_wconf 85' lang='lat' dir='ltr'><strong>legiones</strong></span> <span class='ocrx_word' id='word_1_79' title='bbox 667 1251 782 1311; x_wconf 87' lang='lat' dir='ltr'><strong>reducit</strong></span> <span class='ocrx_word' id='word_1_80' title='bbox 795 1250 828 1311; x_wconf 91' lang='lat' dir='ltr'><strong>iu</strong></span> <span class='ocrx_word' id='word_1_81' title='bbox 841 1261 944 1312; x_wconf 83' lang='lat' dir='ltr'><strong>castra.</strong></span> 
     </span>
    </p>

    <p class='ocr_par' dir='ltr' id='par_1_3' title="bbox 70 1347 1177 2490">
     <span class='ocr_line' id='line_1_12' title="bbox 213 1347 1175 1426; baseline 0.005 -21"><span class='ocrx_word' id='word_1_82' title='bbox 213 1349 294 1406; x_wconf 92' lang='lat' dir='ltr'>XLI.</span> <span class='ocrx_word' id='word_1_83' title='bbox 337 1350 383 1407; x_wconf 92' lang='lat' dir='ltr'><strong>Eo</strong></span> <span class='ocrx_word' id='word_1_84' title='bbox 397 1347 489 1408; x_wconf 92' lang='lat' dir='ltr'><strong>biduo</strong></span> <span class='ocrx_word' id='word_1_85' title='bbox 504 1350 697 1409; x_wconf 85' lang='lat' dir='ltr'><strong>Caesareum</strong></span> <span class='ocrx_word' id='word_1_86' title='bbox 711 1347 860 1425; x_wconf 90' lang='lat' dir='ltr'><strong>equitibus</strong></span> <span class='ocrx_word' id='word_1_87' title='bbox 877 1366 985 1422; x_wconf 74' lang='lat' dir='ltr'><strong>ncces,</strong></span> <span class='ocrx_word' id='word_1_88' title='bbox 1000 1368 1076 1426; x_wconf 90' lang='lat' dir='ltr'><strong>quos</strong></span> <span class='ocrx_word' id='word_1_89' title='bbox 1089 1349 1144 1410; x_wconf 91' lang='lat' dir='ltr'><strong>sibi</strong></span> <span class='ocrx_word' id='word_1_90' title='bbox 1162 1370 1175 1410; x_wconf 89' lang='lat' dir='ltr'><strong>r</strong></span> 
     </span>
     <span class='ocr_line' id='line_1_13' title="bbox 152 1443 1146 1524; baseline 0.006 -23"><span class='ocrx_word' id='word_1_91' title='bbox 152 1443 300 1520; x_wconf 91' lang='lat' dir='ltr'><strong>praesidio</strong></span> <span class='ocrx_word' id='word_1_92' title='bbox 319 1444 484 1520; x_wconf 84' lang='lat' dir='ltr'><strong>reliquerat,</strong></span> <span class='ocrx_word' id='word_1_93' title='bbox 506 1443 537 1502; x_wconf 91' lang='lat' dir='ltr'><strong>in</strong></span> <span class='ocrx_word' id='word_1_94' title='bbox 561 1456 657 1504; x_wconf 87' lang='lat' dir='ltr'><strong>castra</strong></span> <span class='ocrx_word' id='word_1_95' title='bbox 681 1447 830 1523; x_wconf 71' lang='lat' dir='ltr'><strong>pervenit.v</strong></span> <span class='ocrx_word' id='word_1_96' title='bbox 867 1449 955 1518; x_wconf 86' lang='lat' dir='ltr'><strong>Pons,</strong></span> <span class='ocrx_word' id='word_1_97' title='bbox 977 1447 1029 1524; x_wconf 91' lang='lat' dir='ltr'><strong>qui</strong></span> <span class='ocrx_word' id='word_1_98' title='bbox 1052 1449 1146 1508; x_wconf 85' lang='lat' dir='ltr'><strong>fuerat</strong></span> 
     </span>
     <span class='ocr_line' id='line_1_14' title="bbox 152 1541 1144 1618; baseline 0.003 -18"><span class='ocrx_word' id='word_1_99' title='bbox 152 1551 327 1617; x_wconf 87' lang='lat' dir='ltr'><strong>tempestate</strong></span> <span class='ocrx_word' id='word_1_100' title='bbox 355 1541 544 1618; x_wconf 90' lang='lat' dir='ltr'><strong>interruptus,</strong></span> <span class='ocrx_word' id='word_1_101' title='bbox 568 1562 664 1618; x_wconf 87' lang='lat' dir='ltr'><strong>paene</strong></span> <span class='ocrx_word' id='word_1_102' title='bbox 688 1554 751 1602; x_wconf 89' lang='lat' dir='ltr'><strong>erat</strong></span> <span class='ocrx_word' id='word_1_103' title='bbox 777 1545 921 1604; x_wconf 86' lang='lat' dir='ltr'><strong>refectus:</strong></span> <span class='ocrx_word' id='word_1_104' title='bbox 948 1546 1029 1603; x_wconf 90' lang='lat' dir='ltr'><strong>huuc</strong></span> <span class='ocrx_word' id='word_1_105' title='bbox 1055 1555 1144 1604; x_wconf 92' lang='lat' dir='ltr'><strong>noctu</strong></span> 
     </span>
     <span class='ocr_line' id='line_1_15' title="bbox 152 1636 1177 1717; baseline 0.007 -24"><span class='ocrx_word' id='word_1_106' title='bbox 152 1637 254 1712; x_wconf 89' lang='lat' dir='ltr'><strong>perfici</strong></span> <span class='ocrx_word' id='word_1_107' title='bbox 269 1636 358 1696; x_wconf 90' lang='lat' dir='ltr'><strong>iussit.</strong></span> <span class='ocrx_word' id='word_1_108' title='bbox 403 1639 474 1714; x_wconf 92' lang='lat' dir='ltr'><strong>Ipse</strong></span> <span class='ocrx_word' id='word_1_109' title='bbox 488 1639 609 1715; x_wconf 85' lang='lat' dir='ltr'><strong>cognita</strong></span> <span class='ocrx_word' id='word_1_110' title='bbox 622 1642 757 1700; x_wconf 89' lang='lat' dir='ltr'><strong>locorum</strong></span> <span class='ocrx_word' id='word_1_111' title='bbox 771 1651 875 1700; x_wconf 91' lang='lat' dir='ltr'><strong>natura</strong></span> <span class='ocrx_word' id='word_1_112' title='bbox 888 1641 974 1717; x_wconf 90' lang='lat' dir='ltr'><strong>ponti</strong></span> <span class='ocrx_word' id='word_1_113' title='bbox 986 1639 1145 1717; x_wconf 88' lang='lat' dir='ltr'><strong>castrisque</strong></span> <span class='ocrx_word' id='word_1_114' title='bbox 1160 1661 1177 1700; x_wconf 84' lang='lat' dir='ltr'><strong>a</strong></span> 
     </span>
     <span class='ocr_line' id='line_1_16' title="bbox 152 1732 1145 1814; baseline 0.009 -24"><span class='ocrx_word' id='word_1_115' title='bbox 152 1732 300 1809; x_wconf 89' lang='lat' dir='ltr'><strong>praesidio</strong></span> <span class='ocrx_word' id='word_1_116' title='bbox 316 1754 367 1795; x_wconf 88' lang='lat' dir='ltr'><strong>sex</strong></span> <span class='ocrx_word' id='word_1_117' title='bbox 384 1738 521 1795; x_wconf 90' lang='lat' dir='ltr'><strong>cohortes</strong></span> <span class='ocrx_word' id='word_1_118' title='bbox 538 1736 655 1813; x_wconf 89' lang='lat' dir='ltr'><strong>reliquit</strong></span> <span class='ocrx_word' id='word_1_119' title='bbox 669 1748 759 1813; x_wconf 91' lang='lat' dir='ltr'><strong>atque</strong></span> <span class='ocrx_word' id='word_1_120' title='bbox 775 1737 875 1797; x_wconf 89' lang='lat' dir='ltr'><strong>omnia</strong></span> <span class='ocrx_word' id='word_1_121' title='bbox 888 1737 1102 1814; x_wconf 89' lang='lat' dir='ltr'><strong>impedimenta</strong></span> <span class='ocrx_word' id='word_1_122' title='bbox 1115 1749 1145 1799; x_wconf 93' lang='lat' dir='ltr'><strong>et</strong></span> 
     </span>
     <span class='ocr_line' id='line_1_17' title="bbox 70 1829 1146 1909; baseline 0.003 -22"><span class='ocrx_word' id='word_1_123' title='bbox 70 1869 75 1878; x_wconf 85' lang='lat'><strong>·</strong></span> <span class='ocrx_word' id='word_1_124' title='bbox 153 1840 273 1906; x_wconf 89' lang='lat' dir='ltr'><strong>postero</strong></span> <span class='ocrx_word' id='word_1_125' title='bbox 291 1829 339 1890; x_wconf 90' lang='lat' dir='ltr'><strong>die</strong></span> <span class='ocrx_word' id='word_1_126' title='bbox 361 1830 499 1891; x_wconf 89' lang='lat' dir='ltr'><strong>omnibus</strong></span> <span class='ocrx_word' id='word_1_127' title='bbox 519 1832 621 1908; x_wconf 91' lang='lat' dir='ltr'><strong>copiis,</strong></span> <span class='ocrx_word' id='word_1_128' title='bbox 636 1832 745 1909; x_wconf 91' lang='lat' dir='ltr'><strong>triplici</strong></span> <span class='ocrx_word' id='word_1_129' title='bbox 765 1833 906 1893; x_wconf 85' lang='lat' dir='ltr'><strong>instructa</strong></span> <span class='ocrx_word' id='word_1_130' title='bbox 926 1833 999 1906; x_wconf 90' lang='lat' dir='ltr'><strong>acie,</strong></span> <span class='ocrx_word' id='word_1_131' title='bbox 1016 1834 1056 1893; x_wconf 91' lang='lat' dir='ltr'><strong>ad</strong></span> <span class='ocrx_word' id='word_1_132' title='bbox 1077 1834 1146 1894; x_wconf 88' lang='lat' dir='ltr'><strong>ller-</strong></span> 
     </span>
     <span class='ocr_line' id='line_1_18' title="bbox 153 1926 1144 2002; baseline 0.002 -16"><span class='ocrx_word' id='word_1_133' title='bbox 153 1927 221 1986; x_wconf 87' lang='lat' dir='ltr'><strong>dam</strong></span> <span class='ocrx_word' id='word_1_134' title='bbox 250 1926 442 2002; x_wconf 83' lang='lat' dir='ltr'><strong>proficiscitur</strong></span> <span class='ocrx_word' id='word_1_135' title='bbox 469 1938 498 1989; x_wconf 93' lang='lat' dir='ltr'><strong>et</strong></span> <span class='ocrx_word' id='word_1_136' title='bbox 525 1929 580 1989; x_wconf 94' lang='lat' dir='ltr'><strong>sub</strong></span> <span class='ocrx_word' id='word_1_137' title='bbox 607 1930 710 1990; x_wconf 87' lang='lat' dir='ltr'><strong>castris</strong></span> <span class='ocrx_word' id='word_1_138' title='bbox 737 1929 851 1989; x_wconf 81' lang='lat' dir='ltr'><strong>Afranii</strong></span> <span class='ocrx_word' id='word_1_139' title='bbox 879 1929 1012 1989; x_wconf 89' lang='lat' dir='ltr'><strong>constitit</strong></span> <span class='ocrx_word' id='word_1_140' title='bbox 1043 1939 1074 1990; x_wconf 91' lang='lat' dir='ltr'><strong>et</strong></span> <span class='ocrx_word' id='word_1_141' title='bbox 1103 1929 1144 1989; x_wconf 92' lang='lat' dir='ltr'><strong>ibi</strong></span> 
     </span>
     <span class='ocr_line' id='line_1_19' title="bbox 152 2022 1145 2104; baseline 0.003 -23"><span class='ocrx_word' id='word_1_142' title='bbox 152 2022 301 2100; x_wconf 90' lang='lat' dir='ltr'><strong>paulisper</strong></span> <span class='ocrx_word' id='word_1_143' title='bbox 328 2026 382 2083; x_wconf 94' lang='lat' dir='ltr'><strong>sub</strong></span> <span class='ocrx_word' id='word_1_144' title='bbox 410 2026 497 2084; x_wconf 89' lang='lat' dir='ltr'><strong>armis</strong></span> <span class='ocrx_word' id='word_1_145' title='bbox 525 2037 655 2086; x_wconf 89' lang='lat' dir='ltr'><strong>moratus</strong></span> <span class='ocrx_word' id='word_1_146' title='bbox 684 2027 754 2086; x_wconf 85' lang='lat' dir='ltr'><strong>lacit</strong></span> <span class='ocrx_word' id='word_1_147' title='bbox 781 2045 877 2104; x_wconf 88' lang='lat' dir='ltr'><strong>aequo</strong></span> <span class='ocrx_word' id='word_1_148' title='bbox 900 2028 969 2086; x_wconf 92' lang='lat' dir='ltr'><strong>loco</strong></span> <span class='ocrx_word' id='word_1_149' title='bbox 993 2025 1145 2103; x_wconf 85' lang='lat' dir='ltr'><strong>pugnandi</strong></span> 
     </span>
     <span class='ocr_line' id='line_1_20' title="bbox 152 2123 1144 2200; baseline 0.002 -19"><span class='ocrx_word' id='word_1_150' title='bbox 152 2132 338 2198; x_wconf 88' lang='lat' dir='ltr'><strong>potestatem.</strong></span> <span class='ocrx_word' id='word_1_151' title='bbox 382 2125 533 2182; x_wconf 89' lang='lat' dir='ltr'><strong>Potestate</strong></span> <span class='ocrx_word' id='word_1_152' title='bbox 555 2125 633 2183; x_wconf 87' lang='lat' dir='ltr'><strong>facta</strong></span> <span class='ocrx_word' id='word_1_153' title='bbox 655 2123 794 2184; x_wconf 86' lang='lat' dir='ltr'><strong>Afranius</strong></span> <span class='ocrx_word' id='word_1_154' title='bbox 815 2123 917 2200; x_wconf 90' lang='lat' dir='ltr'><strong>copias</strong></span> <span class='ocrx_word' id='word_1_155' title='bbox 940 2123 1040 2184; x_wconf 91' lang='lat' dir='ltr'><strong>educit</strong></span> <span class='ocrx_word' id='word_1_156' title='bbox 1060 2135 1091 2184; x_wconf 93' lang='lat' dir='ltr'><strong>et</strong></span> <span class='ocrx_word' id='word_1_157' title='bbox 1114 2125 1144 2183; x_wconf 89' lang='lat' dir='ltr'><strong>in</strong></span> 
     </span>
     <span class='ocr_line' id='line_1_21' title="bbox 153 2217 1176 2297; baseline 0.004 -21"><span class='ocrx_word' id='word_1_158' title='bbox 153 2217 252 2278; x_wconf 93' lang='lat' dir='ltr'><strong>medio</strong></span> <span class='ocrx_word' id='word_1_159' title='bbox 274 2219 351 2277; x_wconf 89' lang='lat' dir='ltr'><strong>colle</strong></span> <span class='ocrx_word' id='word_1_160' title='bbox 375 2219 430 2278; x_wconf 92' lang='lat' dir='ltr'><strong>sub</strong></span> <span class='ocrx_word' id='word_1_161' title='bbox 455 2219 557 2279; x_wconf 86' lang='lat' dir='ltr'><strong>castris</strong></span> <span class='ocrx_word' id='word_1_162' title='bbox 581 2220 742 2280; x_wconf 88' lang='lat' dir='ltr'><strong>constituit</strong></span> <span class='ocrx_word' id='word_1_163' title='bbox 786 2222 896 2281; x_wconf 88' lang='lat' dir='ltr'><strong>Caesar</strong></span> <span class='ocrx_word' id='word_1_164' title='bbox 920 2219 970 2279; x_wconf 94' lang='lat' dir='ltr'><strong>ubi</strong></span> <span class='ocrx_word' id='word_1_165' title='bbox 994 2221 1176 2297; x_wconf 82' lang='lat' dir='ltr'><strong>cognovit,3</strong></span> 
     </span>
     <span class='ocr_line' id='line_1_22' title="bbox 152 2315 1145 2394; baseline 0.004 -21"><span class='ocrx_word' id='word_1_166' title='bbox 152 2334 205 2391; x_wconf 89' lang='lat' dir='ltr'><strong>per</strong></span> <span class='ocrx_word' id='word_1_167' title='bbox 232 2315 387 2373; x_wconf 87' lang='lat' dir='ltr'><strong>Afranium</strong></span> <span class='ocrx_word' id='word_1_168' title='bbox 415 2326 499 2389; x_wconf 92' lang='lat' dir='ltr'><strong>stare,</strong></span> <span class='ocrx_word' id='word_1_169' title='bbox 528 2319 716 2391; x_wconf 87' lang='lat' dir='ltr'><strong>quominus</strong></span> <span class='ocrx_word' id='word_1_170' title='bbox 743 2317 857 2394; x_wconf 91' lang='lat' dir='ltr'><strong>proelio</strong></span> <span class='ocrx_word' id='word_1_171' title='bbox 886 2317 1081 2391; x_wconf 86' lang='lat' dir='ltr'><strong>dimicaretur,</strong></span> <span class='ocrx_word' id='word_1_172' title='bbox 1106 2319 1145 2377; x_wconf 88' lang='lat' dir='ltr'><strong>ab</strong></span> 
     </span>
     <span class='ocr_line' id='line_1_23' title="bbox 152 2410 1145 2490; baseline 0.003 -21"><span class='ocrx_word' id='word_1_173' title='bbox 152 2411 260 2470; x_wconf 90' lang='lat' dir='ltr'><strong>infimis</strong></span> <span class='ocrx_word' id='word_1_174' title='bbox 281 2410 427 2470; x_wconf 86' lang='lat' dir='ltr'><strong>radicibus</strong></span> <span class='ocrx_word' id='word_1_175' title='bbox 447 2411 557 2472; x_wconf 90' lang='lat' dir='ltr'><strong>montis</strong></span> <span class='ocrx_word' id='word_1_176' title='bbox 579 2411 751 2473; x_wconf 88' lang='lat' dir='ltr'><strong>intermissis</strong></span> <span class='ocrx_word' id='word_1_177' title='bbox 776 2413 890 2472; x_wconf 89' lang='lat' dir='ltr'><strong>circiter</strong></span> <span class='ocrx_word' id='word_1_178' title='bbox 913 2412 1056 2490; x_wconf 83' lang='lat' dir='ltr'><strong>passibus.</strong></span> <span class='ocrx_word' id='word_1_179' title='bbox 1069 2430 1145 2473; x_wconf 89' lang='lat' dir='ltr'><strong>cccc</strong></span> 
     </span>
    </p>

    <p class='ocr_par' dir='ltr' id='par_1_4' title="bbox 73 2507 1177 3071">
     <span class='ocr_line' id='line_1_24' title="bbox 108 2507 1177 2584; baseline -0.001 -16"><span class='ocrx_word' id='word_1_180' title='bbox 108 2521 111 2529; x_wconf 88' lang='lat'>&#39;</span> <span class='ocrx_word' id='word_1_181' title='bbox 152 2519 248 2568; x_wconf 87' lang='lat' dir='ltr'><strong>castra</strong></span> <span class='ocrx_word' id='word_1_182' title='bbox 275 2509 371 2567; x_wconf 86' lang='lat' dir='ltr'><strong>facere</strong></span> <span class='ocrx_word' id='word_1_183' title='bbox 398 2507 550 2567; x_wconf 90' lang='lat' dir='ltr'><strong>constituit</strong></span> <span class='ocrx_word' id='word_1_184' title='bbox 578 2518 615 2580; x_wconf 89' lang='lat' dir='ltr'><strong>et,</strong></span> <span class='ocrx_word' id='word_1_185' title='bbox 638 2528 677 2568; x_wconf 91' lang='lat' dir='ltr'><strong>ne</strong></span> <span class='ocrx_word' id='word_1_186' title='bbox 700 2508 732 2567; x_wconf 93' lang='lat' dir='ltr'><strong>in</strong></span> <span class='ocrx_word' id='word_1_187' title='bbox 756 2527 846 2584; x_wconf 89' lang='lat' dir='ltr'><strong>opere</strong></span> <span class='ocrx_word' id='word_1_188' title='bbox 873 2509 1013 2567; x_wconf 86' lang='lat' dir='ltr'><strong>faciundo</strong></span> <span class='ocrx_word' id='word_1_189' title='bbox 1037 2509 1177 2580; x_wconf 86' lang='lat' dir='ltr'><strong>milites4</strong></span> 
     </span>
     <span class='ocr_line' id='line_1_25' title="bbox 73 2595 1144 2680; baseline 0 -18"><span class='ocrx_word' id='word_1_190' title='bbox 73 2595 74 2598; x_wconf 26' lang='lat'>¹</span> <span class='ocrx_word' id='word_1_191' title='bbox 151 2605 307 2680; x_wconf 77' lang='lat' dir='ltr'><strong>&#39;repentino</strong></span> <span class='ocrx_word' id='word_1_192' title='bbox 328 2603 457 2678; x_wconf 83' lang='lat' dir='ltr'><strong>bostium</strong></span> <span class='ocrx_word' id='word_1_193' title='bbox 478 2603 596 2663; x_wconf 91' lang='lat' dir='ltr'><strong>incursu</strong></span> <span class='ocrx_word' id='word_1_194' title='bbox 618 2613 832 2662; x_wconf 86' lang='lat' dir='ltr'><strong>exterrerentur</strong></span> <span class='ocrx_word' id='word_1_195' title='bbox 856 2614 947 2678; x_wconf 89' lang='lat' dir='ltr'><strong>atque</strong></span> <span class='ocrx_word' id='word_1_196' title='bbox 971 2622 1060 2678; x_wconf 92' lang='lat' dir='ltr'><strong>opere</strong></span> <span class='ocrx_word' id='word_1_197' title='bbox 1079 2623 1144 2680; x_wconf 84' lang='lat' dir='ltr'><strong>pro</strong></span> 
     </span>
     <span class='ocr_line' id='line_1_26' title="bbox 151 2698 1144 2777; baseline -0.003 -16"><span class='ocrx_word' id='word_1_198' title='bbox 151 2701 329 2770; x_wconf 84' lang='lat' dir='ltr'><strong>biberentur,</strong></span> <span class='ocrx_word' id='word_1_199' title='bbox 351 2702 429 2760; x_wconf 87' lang='lat' dir='ltr'><strong>vallo</strong></span> <span class='ocrx_word' id='word_1_200' title='bbox 455 2699 563 2759; x_wconf 88' lang='lat' dir='ltr'><strong>muniri</strong></span> <span class='ocrx_word' id='word_1_201' title='bbox 591 2699 692 2771; x_wconf 90' lang='lat' dir='ltr'><strong>vetuit,</strong></span> <span class='ocrx_word' id='word_1_202' title='bbox 718 2700 799 2775; x_wconf 92' lang='lat' dir='ltr'><strong>quod</strong></span> <span class='ocrx_word' id='word_1_203' title='bbox 827 2698 957 2759; x_wconf 89' lang='lat' dir='ltr'><strong>eminere</strong></span> <span class='ocrx_word' id='word_1_204' title='bbox 985 2699 1028 2759; x_wconf 79' lang='lat' dir='ltr'><strong>et‘</strong></span> <span class='ocrx_word' id='word_1_205' title='bbox 1041 2702 1144 2777; x_wconf 91' lang='lat' dir='ltr'><strong>procul</strong></span> 
     </span>
     <span class='ocr_line' id='line_1_27' title="bbox 152 2795 1143 2872; baseline -0.001 -16"><span class='ocrx_word' id='word_1_206' title='bbox 152 2795 244 2856; x_wconf 89' lang='lat' dir='ltr'><strong>videri</strong></span> <span class='ocrx_word' id='word_1_207' title='bbox 265 2815 386 2856; x_wconf 89' lang='lat' dir='ltr'><strong>necesse</strong></span> <span class='ocrx_word' id='word_1_208' title='bbox 403 2807 473 2868; x_wconf 91' lang='lat' dir='ltr'><strong>erat,</strong></span> <span class='ocrx_word' id='word_1_209' title='bbox 495 2797 547 2855; x_wconf 92' lang='lat' dir='ltr'><strong>sed</strong></span> <span class='ocrx_word' id='word_1_210' title='bbox 567 2816 585 2855; x_wconf 86' lang='lat' dir='ltr'><strong>a</strong></span> <span class='ocrx_word' id='word_1_211' title='bbox 603 2797 701 2856; x_wconf 86' lang='lat' dir='ltr'><strong>fronte</strong></span> <span class='ocrx_word' id='word_1_212' title='bbox 717 2807 821 2855; x_wconf 90' lang='lat' dir='ltr'><strong>contra</strong></span> <span class='ocrx_word' id='word_1_213' title='bbox 838 2796 955 2855; x_wconf 90' lang='lat' dir='ltr'><strong>hostem</strong></span> <span class='ocrx_word' id='word_1_214' title='bbox 971 2796 1085 2872; x_wconf 90' lang='lat' dir='ltr'><strong>pedum</strong></span> <span class='ocrx_word' id='word_1_215' title='bbox 1101 2815 1143 2855; x_wconf 84' lang='lat' dir='ltr'><strong>xv</strong></span> 
     </span>
     <span class='ocr_line' id='line_1_28' title="bbox 152 2890 1143 2963; baseline 0 -11"><span class='ocrx_word' id='word_1_216' title='bbox 152 2896 262 2953; x_wconf 87' lang='lat' dir='ltr'><strong>fossam</strong></span> <span class='ocrx_word' id='word_1_217' title='bbox 280 2893 341 2952; x_wconf 88' lang='lat' dir='ltr'><strong>fieri</strong></span> <span class='ocrx_word' id='word_1_218' title='bbox 360 2892 451 2952; x_wconf 88' lang='lat' dir='ltr'><strong>iussit.</strong></span> <span class='ocrx_word' id='word_1_219' title='bbox 495 2892 593 2951; x_wconf 89' lang='lat' dir='ltr'><strong>Prima</strong></span> <span class='ocrx_word' id='word_1_220' title='bbox 611 2902 641 2952; x_wconf 90' lang='lat' dir='ltr'><strong>et</strong></span> <span class='ocrx_word' id='word_1_221' title='bbox 660 2892 791 2952; x_wconf 91' lang='lat' dir='ltr'><strong>secunda</strong></span> <span class='ocrx_word' id='word_1_222' title='bbox 809 2890 888 2952; x_wconf 91' lang='lat' dir='ltr'><strong>acies</strong></span> <span class='ocrx_word' id='word_1_223' title='bbox 902 2892 933 2951; x_wconf 91' lang='lat' dir='ltr'><strong>in</strong></span> <span class='ocrx_word' id='word_1_224' title='bbox 948 2892 1043 2963; x_wconf 84' lang='lat' dir='ltr'><strong>armis,</strong></span> <span class='ocrx_word' id='word_1_225' title='bbox 1058 2904 1090 2952; x_wconf 93' lang='lat' dir='ltr'><strong>ut</strong></span> <span class='ocrx_word' id='word_1_226' title='bbox 1104 2895 1143 2952; x_wconf 89' lang='lat' dir='ltr'><strong>ab</strong></span> 
     </span>
     <span class='ocr_line' id='line_1_29' title="bbox 152 2987 1143 3071; baseline 0.001 -24"><span class='ocrx_word' id='word_1_227' title='bbox 152 2988 237 3048; x_wconf 89' lang='lat' dir='ltr'><strong>initio</strong></span> <span class='ocrx_word' id='word_1_228' title='bbox 248 2989 410 3048; x_wconf 89' lang='lat' dir='ltr'><strong>constituta</strong></span> <span class='ocrx_word' id='word_1_229' title='bbox 424 2998 494 3062; x_wconf 89' lang='lat' dir='ltr'><strong>erat,</strong></span> <span class='ocrx_word' id='word_1_230' title='bbox 509 2990 702 3065; x_wconf 88' lang='lat' dir='ltr'><strong>permanebat</strong></span> <span class='ocrx_word' id='word_1_231' title='bbox 710 3009 719 3062; x_wconf 70' lang='grc' dir='ltr'><strong><em>ς</em></strong></span> <span class='ocrx_word' id='word_1_232' title='bbox 740 2999 807 3065; x_wconf 88' lang='lat' dir='ltr'><strong>post</strong></span> <span class='ocrx_word' id='word_1_233' title='bbox 821 2988 876 3071; x_wconf 87' lang='lat' dir='ltr'><strong>hos</strong></span> <span class='ocrx_word' id='word_1_234' title='bbox 890 3007 967 3064; x_wconf 93' lang='lat' dir='ltr'><strong>opus</strong></span> <span class='ocrx_word' id='word_1_235' title='bbox 980 2987 1011 3046; x_wconf 91' lang='lat' dir='ltr'><strong>in</strong></span> <span class='ocrx_word' id='word_1_236' title='bbox 1025 2991 1143 3048; x_wconf 91' lang='lat' dir='ltr'><strong>occulto</strong></span> 
     </span>
    </p>
   </div>
   <div class='ocr_carea' id='block_1_3' title="bbox 67 3084 1174 3162">
    <p class='ocr_par' dir='ltr' id='par_1_5' title="bbox 67 3084 1174 3162">
     <span class='ocr_line' id='line_1_30' title="bbox 67 3084 1174 3162; baseline -0.001 -18"><span class='ocrx_word' id='word_1_237' title='bbox 67 3138 72 3144; x_wconf 82' lang='lat'><strong>.</strong></span> <span class='ocrx_word' id='word_1_238' title='bbox 152 3105 170 3145; x_wconf 87' lang='lat' dir='ltr'><strong>a</strong></span> <span class='ocrx_word' id='word_1_239' title='bbox 198 3102 234 3144; x_wconf 92' lang='lat'><strong>111</strong></span> <span class='ocrx_word' id='word_1_240' title='bbox 261 3085 324 3145; x_wconf 91' lang='lat' dir='ltr'><strong>acie</strong></span> <span class='ocrx_word' id='word_1_241' title='bbox 353 3087 450 3148; x_wconf 88' lang='lat' dir='ltr'><strong>fiebat.</strong></span> <span class='ocrx_word' id='word_1_242' title='bbox 494 3085 542 3144; x_wconf 94' lang='lat' dir='ltr'><strong>Sic</strong></span> <span class='ocrx_word' id='word_1_243' title='bbox 565 3105 655 3146; x_wconf 92' lang='lat' dir='ltr'><strong>omne</strong></span> <span class='ocrx_word' id='word_1_244' title='bbox 679 3084 758 3161; x_wconf 92' lang='lat' dir='ltr'><strong>prius</strong></span> <span class='ocrx_word' id='word_1_245' title='bbox 786 3095 830 3144; x_wconf 91' lang='lat' dir='ltr'><strong>est</strong></span> <span class='ocrx_word' id='word_1_246' title='bbox 853 3087 1025 3162; x_wconf 83' lang='lat' dir='ltr'><strong>perlectum,</strong></span> <span class='ocrx_word' id='word_1_247' title='bbox 1054 3101 1174 3161; x_wconf 83' lang='lat' dir='ltr'><strong>quam5</strong></span> 
     </span>
    </p>
   </div>
   <div class='ocr_carea' id='block_1_4' title="bbox 151 3179 1175 3524">
    <p class='ocr_par' dir='ltr' id='par_1_6' title="bbox 151 3179 1175 3444">
     <span class='ocr_line' id='line_1_31' title="bbox 152 3179 1175 3256; baseline -0.001 -18"><span class='ocrx_word' id='word_1_248' title='bbox 152 3179 376 3256; x_wconf 85' lang='lat' dir='ltr'><strong>intellegeretur,</strong></span> <span class='ocrx_word' id='word_1_249' title='bbox 404 3183 443 3240; x_wconf 91' lang='lat' dir='ltr'><strong>ab</strong></span> <span class='ocrx_word' id='word_1_250' title='bbox 471 3180 592 3241; x_wconf 86' lang='lat' dir='ltr'><strong>Afranio</strong></span> <span class='ocrx_word' id='word_1_251' title='bbox 619 3191 715 3240; x_wconf 89' lang='lat' dir='ltr'><strong>castra</strong></span> <span class='ocrx_word' id='word_1_252' title='bbox 742 3179 856 3239; x_wconf 90' lang='lat' dir='ltr'><strong>muniri.</strong></span> <span class='ocrx_word' id='word_1_253' title='bbox 899 3181 962 3239; x_wconf 88' lang='lat' dir='ltr'><strong>Sub</strong></span> <span class='ocrx_word' id='word_1_254' title='bbox 988 3182 1175 3254; x_wconf 87' lang='lat' dir='ltr'><strong>vesperum6</strong></span> 
     </span>
     <span class='ocr_line' id='line_1_32' title="bbox 153 3273 1142 3352; baseline -0.007 -15"><span class='ocrx_word' id='word_1_255' title='bbox 153 3277 262 3337; x_wconf 85' lang='lat' dir='ltr'><strong>Caesar</strong></span> <span class='ocrx_word' id='word_1_256' title='bbox 288 3277 364 3336; x_wconf 86' lang='lat' dir='ltr'><strong>intra</strong></span> <span class='ocrx_word' id='word_1_257' title='bbox 388 3278 465 3336; x_wconf 91' lang='lat' dir='ltr'><strong>hanc</strong></span> <span class='ocrx_word' id='word_1_258' title='bbox 486 3279 595 3336; x_wconf 87' lang='lat' dir='ltr'><strong>fossam</strong></span> <span class='ocrx_word' id='word_1_259' title='bbox 619 3277 752 3352; x_wconf 87' lang='lat' dir='ltr'><strong>legiones</strong></span> <span class='ocrx_word' id='word_1_260' title='bbox 774 3274 889 3334; x_wconf 91' lang='lat' dir='ltr'><strong>reducit</strong></span> <span class='ocrx_word' id='word_1_261' title='bbox 911 3286 1000 3348; x_wconf 87' lang='lat' dir='ltr'><strong>atque</strong></span> <span class='ocrx_word' id='word_1_262' title='bbox 1023 3273 1065 3332; x_wconf 92' lang='lat' dir='ltr'><strong>ibi</strong></span> <span class='ocrx_word' id='word_1_263' title='bbox 1085 3275 1142 3331; x_wconf 93' lang='lat' dir='ltr'><strong>sub</strong></span> 
     </span>
     <span class='ocr_line' id='line_1_33' title="bbox 151 3368 698 3444; baseline -0.002 -17"><span class='ocrx_word' id='word_1_264' title='bbox 151 3368 240 3427; x_wconf 85' lang='lat' dir='ltr'><strong>armis</strong></span> <span class='ocrx_word' id='word_1_265' title='bbox 254 3368 387 3443; x_wconf 85' lang='lat' dir='ltr'><strong>proxima</strong></span> <span class='ocrx_word' id='word_1_266' title='bbox 400 3380 489 3428; x_wconf 92' lang='lat' dir='ltr'><strong>nocte</strong></span> <span class='ocrx_word' id='word_1_267' title='bbox 504 3368 698 3444; x_wconf 91' lang='lat' dir='ltr'><strong>conquiescit.</strong></span> 
     </span>
    </p>

    <p class='ocr_par' dir='ltr' id='par_1_7' title="bbox 214 3456 1170 3524">
     <span class='ocr_line' id='line_1_34' title="bbox 214 3456 1170 3524; baseline -0.01 -5"><span class='ocrx_word' id='word_1_268' title='bbox 214 3464 310 3520; x_wconf 91' lang='lat' dir='ltr'>XLII.</span> <span class='ocrx_word' id='word_1_269' title='bbox 356 3465 477 3523; x_wconf 90' lang='lat' dir='ltr'><strong>Postero</strong></span> <span class='ocrx_word' id='word_1_270' title='bbox 510 3463 560 3524; x_wconf 90' lang='lat' dir='ltr'><strong>die</strong></span> <span class='ocrx_word' id='word_1_271' title='bbox 590 3481 711 3524; x_wconf 91' lang='lat' dir='ltr'><strong>omnem</strong></span> <span class='ocrx_word' id='word_1_272' title='bbox 738 3460 898 3520; x_wconf 84' lang='lat' dir='ltr'><strong>exercitum</strong></span> <span class='ocrx_word' id='word_1_273' title='bbox 925 3458 1001 3515; x_wconf 86' lang='lat' dir='ltr'><strong>intra</strong></span> <span class='ocrx_word' id='word_1_274' title='bbox 1032 3456 1170 3511; x_wconf 86' lang='lat' dir='ltr'><strong>sossamr</strong></span> 
     </span>
    </p>
   </div>
   <div class='ocr_carea' id='block_1_5' title="bbox 0 0 1318 3834">
    <p class='ocr_par' dir='ltr' id='par_1_8' title="bbox 0 0 1318 3834">
     <span class='ocr_line' id='line_1_35' title="bbox 0 0 1318 3834; baseline 0 0"><span class='ocrx_word' id='word_1_275' title='bbox 0 0 1318 3834; x_wconf 95' lang='lat' dir='ltr'><strong> </strong></span> 
     </span>
    </p>
   </div>
  </div>
 </body>
</html>
