2625 3834
160 198 196 251 14
450 179 517 238 DE
543 180 693 240 BELLO
723 180 772 238 CI
775 180 869 239 VILI

158 331 323 394 Corfinium
349 343 457 409 gestae,
487 333 611 392 Luceria
641 332 836 410 proficiscitur
865 334 1029 396 Canusium
1061 348 1151 414 atque

126 429 228 492 ainde
255 430 454 491 Brundisium.
492 431 608 508 Copias
635 432 769 509 undique
799 451 904 493 omnes
931 452 968 494 ex
994 435 1079 496 novis
1109 436 1153 496 di-

158 529 282 590 lectibus
310 531 349 589 ad
376 549 409 589 se
436 530 502 606 cogi
527 528 629 602 iubet;
657 549 766 602 servos,
788 540 922 606 pastores
944 543 1038 591 armat
1062 543 1152 609 atque

157 625 200 687 eis
222 646 315 703 equos
338 625 488 700 attribuit3
519 645 555 687 ex
581 626 627 686 his
654 624 769 687 circiter
795 645 853 688 occ
879 626 994 704 equites
1021 628 1151 689 conficit.

125 723 190 798 31.
222 721 354 782 Manlius
380 733 497 799 praetor
525 724 603 783 Alba
634 740 704 782 cnm
731 722 904 783 cohortibus
931 741 983 783 sex
1013 723 1149 802 profugit,

158 819 287 879 Rutilius
306 823 409 896 Lupus
424 829 542 896 praetor
559 819 720 879 Tanacina
736 839 806 879 cum
823 821 915 879 tribus
923 842 932 894 3
952 839 1030 896 quae
1048 823 1152 896 procul

156 915 321 993 equitatum
336 916 470 976 Caesaris
486 915 683 992 conspicatae,
699 915 747 975 cui
763 928 896 993 praeerat
909 915 1016 977 Vibius
1034 919 1150 991 Curius,

157 1013 260 1074 relicto
275 1024 411 1090 praetore
429 1012 512 1090 signa
529 1014 569 1072 ad
587 1011 710 1074 Curium
726 1015 903 1073 transfemnt
920 1023 1010 1091 atque
1028 1016 1066 1075 ad
1081 1034 1149 1075 enm

124 1119 318 1182 4transeunt.
362 1110 440 1170 Item
457 1108 577 1185 reliquis
596 1108 749 1168 itineribus
767 1128 830 1169 non
848 1111 947 1168 nullae
965 1112 1102 1172 cohortes
1119 1112 1151 1172 in

157 1226 264 1284 agmen
285 1206 428 1278 Caesaris,
450 1206 526 1266 aliae
547 1206 577 1265 in
602 1205 717 1280 equites
741 1205 884 1268 incidunt
928 1208 1092 1269 Reducitur
1111 1211 1150 1269 ad

157 1323 226 1366 eum
247 1306 409 1382 deprensus
430 1323 466 1364 ex
487 1303 591 1364 itinere
613 1305 651 1362 N.
674 1301 792 1379 Magius
812 1305 969 1379 Cremona,
984 1307 1150 1382 praefectus

125 1403 271 1479 5fabrum
295 1405 349 1463 Cn.
374 1400 506 1478 Pompei.
550 1403 648 1477 Quem
670 1403 781 1462 Caesar
799 1405 839 1462 ad
858 1421 928 1462 eum
945 1404 1066 1464 remittit
1081 1424 1149 1464 cum

157 1498 322 1558 mandatis:
344 1497 484 1574 quoniam
501 1498 541 1557 ad
558 1496 590 1557 id
609 1506 727 1574 tempus
746 1499 868 1557 facultas
884 1500 1075 1575 colloquendi
1088 1521 1150 1561 non

157 1595 250 1667 fuerit,
276 1607 365 1671 atque
392 1594 455 1671 ipse
484 1593 676 1654 Brundisium
703 1594 741 1655 sit
768 1606 916 1667 venturus,
941 1595 1083 1658 interesse
1108 1598 1150 1658 rei

157 1692 295 1769 publicae
319 1705 349 1753 et
373 1692 540 1754 communis
561 1692 672 1767 salutis,
693 1713 726 1754 se
746 1713 815 1752 cum
837 1693 982 1770 Pompeio
1002 1696 1149 1772 colloqui;

125 1794 142 1848 6
158 1810 254 1867 neque
270 1810 340 1850 vero
358 1790 438 1851 idem
457 1790 559 1868 profici
575 1793 667 1868 longo
682 1789 792 1850 itineris
806 1791 913 1867 spatio
928 1811 997 1850 cum
1011 1811 1063 1868 per
1076 1792 1150 1852 alios

158 1887 349 1947 condiciones
364 1889 501 1959 ferantur,
516 1906 552 1947 ac
567 1886 591 1946 si
606 1906 704 1948 coram
721 1887 760 1946 de
773 1886 911 1946 omnibns
925 1887 1150 1949 condicionibus

157 1986 346 2062 disceptetur.

127 2103 140 2142 1
216 2084 312 2140 XXV.
356 2080 415 2139 His
433 2079 510 2139 datis
528 2079 676 2139 mandatis
694 2078 887 2139 Brundisium
903 2098 972 2138 cum
985 2079 1150 2157 legionibus

157 2196 188 2236 vr
209 2176 351 2253 pervenit,
366 2176 511 2236 veteranis
533 2193 569 2234 111
591 2187 621 2236 et
641 2175 769 2252 reliquis,
789 2195 863 2252 quas
883 2195 920 2235 ex
940 2195 1021 2236 novo
1041 2177 1150 2236 dilectu

126 2296 141 2334 2
158 2277 326 2334 confecerat
345 2283 434 2348 atque
455 2275 485 2331 in
507 2272 610 2334 itinere
631 2274 849 2349 compleverat3
870 2272 1057 2333 Domitianas
1070 2275 1150 2333 enim

157 2373 295 2432 cohortes
315 2369 450 2448 protinus
470 2390 488 2429 a
509 2369 640 2431 Corfinio
659 2370 690 2428 in
705 2369 833 2429 Siciliam
848 2370 974 2430 miserat.
1018 2371 1148 2447 Reperit,

157 2470 294 2528 consules
315 2466 509 2545 Dyrrachium
530 2468 680 2542 profectos
698 2485 767 2525 cum
781 2485 889 2542 magna
902 2476 984 2541 parte
998 2467 1148 2542 exercitus,

159 2567 334 2643 Pompeium
361 2583 513 2625 remanere
547 2562 696 2622 Brundisii
728 2582 797 2620 cum
828 2562 999 2623 cohortibus
1030 2563 1150 2641 viginti3

127 2684 143 2739 3
158 2683 255 2739 neque
272 2659 524 2722 certum'inveniri
542 2667 669 2735 poterat,
684 2657 879 2719 obtinendine
902 2657 1048 2718 Brundisii
1061 2680 1150 2721 causa
1206 2687 1211 2691 ·

158 2758 199 2819 ibi
219 2758 414 2830 remansisset,
436 2776 497 2832 quo
518 2754 632 2815 facilius
659 2773 749 2814 omne
779 2753 984 2814 Hadriaticum
1011 2775 1091 2817 mare
1114 2759 1151 2816 ab

159 2857 294 2917 extremis
315 2854 419 2915 ltaliae
439 2853 571 2928 partibus
591 2850 820 2928 regionibusque
841 2850 983 2912 Graeciae
1003 2851 1034 2911 in
1054 2863 1150 2930 potes·

159 2965 220 3014 tate
240 2954 361 3013 haberet
381 2962 471 3026 atque
491 2968 528 3009 ex
552 2960 678 3025 utraque
701 2959 785 3024 parte
809 2949 920 3007 bellum
947 2948 1150 3012 administrare

127 3060 268 3126 4p0sset,
285 3068 324 3108 an
344 3046 446 3124 inopia
466 3046 586 3105 navium
608 3045 648 3105 ibi
669 3045 830 3118 restitisset,
848 3042 1024 3122 veritusque,
1042 3066 1082 3106 ne
1101 3047 1150 3108 ille

161 3145 277 3205 Italiam
304 3143 513 3206 dimittendam
541 3163 602 3204 non
630 3143 819 3213 existimaret,
846 3141 941 3201 exitus
968 3142 1150 3204 administra-

128 3240 315 3320 5tionesque
342 3239 511 3300 Brundisini
538 3250 640 3317 portus
668 3239 812 3317 impedire
838 3237 971 3297 instituit.
1015 3240 1149 3313 Quomm

160 3359 283 3416 operum
304 3340 377 3398 haec
398 3347 459 3397 erat
480 3337 562 3396 ratio.
605 3338 675 3412 Qua
698 3340 798 3397 fauces
821 3347 905 3397 erant
927 3334 1150 3412 angustissimae

161 3447 271 3516 portus,
286 3438 379 3496 moles
401 3446 490 3510 atque
511 3454 646 3512 aggerem
668 3436 706 3496 ab
723 3447 845 3511 utraque
864 3445 947 3510 parte
961 3431 1052 3492 litoris
1065 3432 1149 3493 iacie
