2625 3834
167 191 204 267 3⁶
445 186 511 246 oa
537 183 687 245 aaran
717 180 861 243 errrrr

166 356 254 420 atque
287 346 465 418 Octogesam
497 339 693 416 pertinebant,
721 336 822 395 castris
849 335 978 393 hostiurn
1011 331 1155 408 oppositis

136 443 349 500 atenebantur.
392 437 456 512 Ipsi
488 447 570 495 erant
601 433 857 493 transcendendae
887 432 976 490 valles
1008 427 1155 487 maximae

166 557 202 595 ac
225 536 421 605 difficillimae,
444 553 513 620 sarra
536 531 636 591 multis
660 529 734 590 locis
757 539 916 607 praerupta
937 527 992 588 iter
1015 525 1156 602 impedie-

167 637 248 706 bant,
263 644 295 691 ut
313 651 394 691 arma
411 650 465 706 per
483 649 587 688 manus
605 626 773 688 necessario
791 628 975 686 traderentur
987 624 1156 700 militesque

167 730 293 788 inermes
314 727 517 803 sublevatique
538 723 588 784 alii
608 727 646 785 ab
667 725 732 784 aliis
752 743 889 800 magnam
911 732 1023 799 partem
1044 719 1156 780 itineris

135 844 152 900 3
167 825 352 882 conficerent.
388 820 541 881 Sed'hunc
554 809 686 878 laborem
702 818 857 879 recusabat
875 837 973 887 nemo,
988 815 1069 891 quod
1087 834 1155 874 eum

167 917 299 979 omnium
313 920 447 977 laborum
461 919 550 975 finem
564 917 625 976 fore
639 915 854 987 existimabant,
869 915 894 974 si
908 916 1024 973 bostem
1040 913 1156 972 Hibero

167 1015 362 1074 intercludere
375 1024 406 1072 et
418 1015 566 1072 frumento
580 1012 736 1089 prohibere
749 1011 924 1088 potuissent

138 1134 150 1173 r
229 1114 339 1171 LXIX.
382 1114 427 1170 Ac
443 1111 540 1187 primo
557 1109 709 1169 Afraniani
728 1108 835 1169 milites
853 1109 968 1168 visendi
986 1126 1074 1166 causa
1087 1106 1157 1166 laeti

168 1228 204 1267 ex
220 1207 320 1266 castris
339 1207 549 1282 procurrebant
565 1205 846 1282 contumeliosisque
860 1204 984 1264 vocibus
997 1221 1156 1279 proseque-

143 1379 144 1382 ,
168 1306 291 1364 bantur:
320 1301 475 1362 necessarii
499 1304 592 1362 victus
617 1303 718 1378 inopia
739 1312 859 1361 coactos
878 1302 978 1377 fugere
1001 1311 1090 1375 atque
1118 1299 1157 1357 ad

169 1403 296 1463 Ilerdam
323 1400 435 1459 reverti.
493 1402 563 1459 Erat
587 1399 668 1459 enim
691 1399 747 1459 iter
773 1419 792 1459 a
818 1399 972 1476 proposito
999 1398 1155 1471 diversum,

136 1519 152 1556 2
168 1497 402 1571 contrariamque
420 1495 451 1554 in
470 1508 582 1573 partem
603 1495 636 1555 iri
650 1495 812 1556 videbatur.
857 1499 958 1555 Duces
971 1514 1041 1555 vero
1055 1513 1158 1555 eorum

119 1589 124 1602 '
167 1595 321 1657 consilium
350 1616 434 1655 suum
462 1595 599 1655 laudibus
626 1596 768 1666 ferebant,
790 1594 872 1670 quod
896 1613 928 1652 se
951 1591 1053 1652 castris
1075 1603 1158 1651 tenu·

168 1692 259 1753 issent
268 1717 276 1767 ;
297 1694 483 1768 multumque
502 1711 605 1751 eorum
624 1690 797 1768 opinionem
814 1691 982 1761 adiuvabat,
998 1690 1079 1766 quod
1092 1688 1157 1749 sine

168 1790 306 1851 iumentis
333 1789 611 1866 impedimentisque
639 1790 678 1849 ad
704 1787 760 1849 iter
782 1789 931 1865 profectos
954 1788 1103 1862 videbant,
1125 1799 1157 1847 ut

136 1909 154 1965 3
169 1908 230 1947 non
249 1907 337 1963 posse
355 1886 487 1962 inopiam
508 1886 616 1947 diutius
632 1885 775 1946 sustinere
790 1887 980 1945 confiderent.
1023 1885 1090 1958 Sed,
1106 1884 1157 1945 ubi

168 1984 309 2058 paulatim
319 1983 480 2058 retorqueri
491 2002 597 2059 agmen
608 1985 647 2044 ad
662 1985 793 2043 dextram
808 1993 1026 2059 conspexerunt
1039 1981 1157 2058 iamque

168 2079 278 2155 primos
297 2098 432 2154 superare
451 2080 602 2156 regionem
621 2092 784 2140 castrorum
805 2079 939 2138 animum
960 2080 1156 2151 adverterunt,

168 2193 257 2233 nemo
284 2185 347 2233 erat
373 2175 450 2234 adeo
477 2177 576 2234 tardus
603 2187 653 2236 aut
681 2176 795 2253 fugiens
819 2175 936 2247 laboris,
958 2173 1031 2250 quin
1057 2175 1159 2233 statim

135 2270 269 2342 4castris
297 2272 464 2330 exeundum
494 2281 583 2347 atque
614 2273 828 2331 occurrendum
861 2281 984 2348 putaret.
1034 2272 1158 2331 Concla-

169 2377 264 2424 matur
277 2366 315 2424 ad
328 2385 416 2438 arma,
432 2377 520 2442 atque
535 2387 639 2426 omnes
653 2366 759 2443 copiae
774 2365 876 2443 paucis
890 2365 1036 2442 praesidio
1050 2365 1158 2426 relictis

169 2462 339 2522 cohortibus
354 2475 461 2522 exeunt
474 2476 615 2539 rectoque
629 2465 669 2524 ad
684 2464 832 2524 Hiberum
846 2462 949 2523 itinere
962 2465 1155 2523 contendunt.

139 2578 152 2617 1
229 2559 322 2617 LXX.
366 2562 436 2617 Erat
455 2558 485 2617 in
504 2559 654 2619 celeritate
673 2579 762 2619 omne
781 2556 912 2636 positum
930 2571 1088 2629 certamen,
1102 2558 1159 2617 utri

169 2653 248 2728 prius
267 2653 415 2731 angustias
433 2667 608 2733 montesque
626 2666 822 2732 occuparent,
843 2656 897 2715 sed
912 2654 1072 2714 exercitum
1086 2656 1148 2716 Cae

170 2749 240 2809 saris
254 2750 366 2809 viarum
380 2752 568 2812 difficultates
586 2753 752 2823 tardabant,
768 2751 881 2811 Afranii
895 2750 1158 2828 copiasequitatus

136 2872 148 2907 2
171 2848 304 2908 Caesaris
325 2847 484 2924 insequens
504 2853 684 2910 morabatur.
727 2853 788 2910 Res
810 2862 910 2910 tamen
934 2853 972 2910 ab
993 2849 1158 2911 Afranianis

169 2944 228 3002 huc
252 2955 313 3003 erat
337 2944 501 3005 necessario
524 2946 662 3018 deducta,
684 2957 725 3018 ut,
747 2945 772 3004 si
796 2947 908 3022 priores
932 2957 1057 3018 montes,
1083 2965 1159 3022 quos

170 3042 320 3116 petebant,
342 3040 513 3118 attigissent,
532 3040 590 3116 ipsi
608 3041 772 3119 periculum
792 3042 926 3115 vitarent,
946 3042 1160 3120 impedimenta

170 3133 261 3194 totius
279 3135 423 3194 exercitus
442 3137 638 3212 cohortesque
656 3137 688 3195 in
707 3137 809 3196 castris
827 3138 944 3198 relictas
962 3158 1077 3199 servare
1098 3159 1161 3200 non

170 3243 292 3305 possent
302 3251 310 3302 ;
332 3231 438 3305 quibus
458 3231 623 3290 interclusis
643 3233 771 3293 exercitu
786 3234 920 3293 Caesaris
939 3234 1079 3294 auxilium
1093 3235 1160 3296 ferri

138 3344 155 3398 3
171 3326 251 3382 nulla
269 3324 383 3384 ratione
403 3337 526 3401 poterat.
570 3329 707 3388 Consecit
722 3329 801 3405 prior
818 3331 874 3390 iter
887 3333 997 3390 Caesar
1016 3343 1105 3408 atque
1123 3353 1161 3392 ex

172 3421 285 3494 magnis
312 3422 432 3495 rupibus
460 3433 565 3482 nactus
592 3426 746 3499 planitiem
774 3426 802 3485 iu
831 3431 889 3486 hac
912 3438 1016 3488 contra
1043 3419 1165 3491 hostem'
