2625 3834
403 211 487 268 rra.
516 212 544 268 J.
590 210 682 270 cra
711 210 907 269 xrs-XVI.
1133 231 1152 286 9

162 362 322 439 productos
341 364 485 422 Lentulus
503 372 551 438 spe
567 362 709 422 libertatis
727 364 882 422 confirmat
895 372 986 439 atque
999 361 1044 422 his
1058 381 1152 439 equos

160 457 291 519 attribuit
310 469 341 518 et
360 479 393 519 se
413 458 498 534 sequi
517 456 618 532 iussit3
648 476 723 534 quos
743 468 849 534 postea
868 455 999 518 monitus
1019 459 1058 518 ab
1078 457 1146 530 suis,
1163 477 1180 538 5

162 559 244 633 quod
276 575 312 618 ea
345 575 391 616 res
422 555 558 616 omnium
591 554 704 615 iudicio
736 556 1014 632 reprehendebatur,
1042 555 1152 616 circum

161 654 286 716 familias
306 663 470 714 conventus
492 652 641 729 Campani
661 653 815 714 custodiae
835 673 925 714 causa
945 651 1100 715 distribuit.

221 755 287 812 XV.
329 749 458 810 Auximo
485 750 595 810 Caesar
626 767 797 825 progressus
830 769 951 810 omnem
977 770 1079 828 agrum
1108 752 1180 812 Pi-1

162 868 269 910 cenum
289 846 437 926 percurrit
480 848 616 906 Cunctae
644 866 743 905 earum
771 846 926 924 regionum
953 851 1152 924 praefecturae

161 943 362 1005 libentissimis
380 939 486 1002 animis
507 961 575 1001 eum
589 940 736 1018 recipiunt
751 942 970 1020 exercitumque
984 944 1047 1004 eius
1060 945 1153 1004 omni-

161 1041 216 1100 bus
229 1044 316 1101 rebus
330 1038 438 1098 iuvant.
482 1038 580 1097 Etiam
595 1037 731 1114 Cingulo,
748 1038 831 1114 quod
844 1039 989 1116 oppidum
1003 1039 1152 1100 Labienus
1168 1061 1183 1100 2

162 1137 352 1200 constituerat
372 1155 483 1212 suaque
503 1133 631 1212 pecunia
650 1133 900 1209 exaedificaverat,
915 1139 955 1197 ad
976 1155 1043 1196 eum
1064 1138 1151 1215 legati

162 1235 291 1309 veniunt,
306 1252 442 1311 quaeque
461 1230 656 1308 imperaverit,
672 1251 704 1291 se
718 1231 909 1308 cupidissime
927 1234 1055 1294 facturos
1068 1233 1148 1310 polli-

161 1344 270 1393 centur.
314 1331 426 1392 Milites
440 1329 583 1406 imperat:
604 1329 733 1390 mittunt.
770 1332 889 1391 Interea
902 1330 980 1408 legio
998 1349 1045 1390 xu
1065 1334 1151 1392 Caes-
1167 1352 1183 1408 3

161 1449 242 1489 arem
267 1428 465 1504 consequitur.
511 1429 589 1487 Cum
616 1427 662 1487 his
690 1428 806 1486 duabus
838 1430 982 1487 Asculum
1010 1426 1151 1487 Picenum

161 1525 362 1602 proficiscitur.
405 1526 444 1585 Id
462 1523 607 1601 oppidum
627 1525 772 1584 Lentulus
791 1523 930 1602 Spinther
945 1544 967 1584 x
981 1523 1152 1585 cohortibus

162 1622 300 1695 tenebat3
320 1619 373 1694 qui
393 1619 527 1681 Caesaris
548 1620 679 1679 adventu
700 1618 821 1697 cognito
841 1621 970 1697 profugit
990 1641 1026 1680 ex
1040 1619 1152 1697 oppido

161 1719 356 1794 cohortesque
377 1735 479 1777 secum
499 1717 648 1775 abducere
668 1727 795 1776 conatus
813 1737 833 1775 a
847 1737 956 1792 magna
975 1728 1059 1794 parte
1079 1717 1153 1774 mili-

161 1824 225 1873 tum
246 1812 395 1874 deseritur.
439 1810 574 1872 Relictus
594 1811 626 1869 in
646 1810 751 1871 itinere
776 1831 845 1870 curn
869 1811 971 1888 paucis
994 1799 1098 1872 incidit
1121 1813 1186 1884 in4

160 1911 324 1970 Vibullium
345 1910 457 1968 Rufum
479 1907 601 1967 missum
622 1926 642 1965 a
662 1907 809 1985 Pompeio
829 1907 860 1967 in
884 1926 985 1982 agrurn
1011 1907 1152 1968 Picenum

161 2007 429 2068 confirmandorum
448 2005 604 2065 hominurn
621 2024 719 2064 causa.
762 2008 791 2063 A
809 2025 870 2082 quo
891 2007 985 2066 factus
1004 2006 1151 2066 Vibullius

161 2106 275 2178 certior,
290 2124 368 2182 quae
387 2123 434 2164 res
448 2103 479 2162 in
494 2102 605 2163 Piceno
619 2112 795 2180 gererentur,
811 2103 918 2163 milites
931 2105 970 2162 ab
984 2123 1022 2164 eo
1035 2104 1150 2181 accipit,

160 2200 259 2278 ipsum
279 2200 407 2262 dimittit
450 2203 528 2260 Item
550 2220 586 2260 ex
606 2199 738 2258 finitimis
758 2199 935 2276 regionibus,
950 2220 1024 2277 quas
1044 2211 1181 2278 potest,5

160 2301 308 2359 contrahit
326 2299 463 2358 cohortes
479 2317 515 2357 ex
534 2296 692 2357 dilectibus
711 2297 900 2374 Pompeianis
909 2319 919 2372 ;
937 2295 969 2356 in
985 2297 1031 2357 his
1048 2299 1152 2358 Carne

160 2395 225 2455 rino
243 2394 405 2471 fugientem
426 2393 573 2454 Lucilium
593 2393 717 2453 Hirrum
735 2414 805 2453 cum
818 2414 870 2454 sex
883 2393 1063 2472 cohortibus,
1079 2413 1152 2470 quas

161 2492 203 2553 ibi
217 2495 247 2551 in
262 2490 409 2569 praesidio
423 2491 574 2564 habuerat,
589 2490 713 2568 excipit3
736 2492 843 2566 quibus
856 2490 966 2552 coactis
980 2509 1040 2549 xrrr
1055 2490 1149 2550 efficit

162 2593 240 2651 Cum
261 2589 306 2649 his
333 2590 373 2649 ad
398 2588 564 2649 Domitium
588 2591 821 2651 Ahenobarbum
846 2589 1010 2650 Corfinium
1037 2589 1183 2666 magnisfi

161 2685 314 2746 itineribus
340 2685 476 2762 pervenit
503 2688 721 2762 Caesaremque
748 2687 853 2747 adesse
884 2705 954 2745 curn
986 2683 1151 2763 legionibus

161 2784 277 2842 duabus
291 2782 415 2842 nuntiat
452 2781 601 2842 Domitius
615 2801 669 2859 per
681 2801 713 2843 se
727 2781 842 2843 circiter
853 2800 899 2842 xx
913 2783 1049 2843 cohortes
1065 2784 1149 2856 Alba,
1166 2800 1182 2857 7

161 2899 199 2939 ex
213 2876 320 2938 Marsis
334 2889 363 2938 et
378 2877 532 2955 Paelignis,
547 2877 679 2938 finitimis
693 2879 732 2938 ab
745 2878 915 2956 regionibus
929 2881 1072 2955 co'e'gerat

222 2976 306 3034 XVI.
349 2977 484 3050 Recepto
499 2974 599 3034 Firmo
618 2976 802 3052 expulsoque
817 2976 945 3035 Lentulo
959 2977 1069 3036 Caesar
1082 2994 1150 3036 con·
1167 2995 1180 3035 1

161 3069 237 3147 quiri
257 3067 374 3140 milites,
396 3069 447 3146 qui
467 3070 506 3129 ab
527 3088 564 3130 eo
591 3069 795 3143 discesserant,
816 3069 1017 3146 dilectumque
1038 3069 1150 3131 institui

161 3169 262 3237 iubet;
283 3167 347 3244 ipse
363 3185 456 3227 unum
475 3167 554 3228 diem
573 3167 616 3227 ibi
633 3167 676 3227 rei
694 3166 899 3228 frumentariae
917 3187 1007 3227 causa
1019 3179 1150 3227 moratus

160 3261 325 3326 Corfinium
346 3263 507 3323 contendit
550 3266 597 3324 Eo
617 3283 687 3323 cum
707 3261 843 3337 venisset,
864 3264 1001 3323 cohortes
1027 3279 1048 3319 v
1066 3279 1181 3337 prae-2

162 3357 269 3419 missae
289 3378 307 3417 a
329 3358 462 3418 Domitio
482 3378 519 3418 ex
539 3359 654 3436 oppido
675 3369 797 3436 pontem
816 3359 946 3418 fluminis
961 3356 1150 3431 interrumpe

162 3457 245 3528 bant,
266 3453 316 3530 qui
337 3466 398 3514 erat
417 3457 455 3514 ab
476 3456 588 3532 oppido
611 3454 692 3514 milia
714 3473 854 3532 passuum
877 3453 990 3511 circiter
1012 3467 1058 3508 111.
1102 3451 1180 3524 Ibi3
