2625 3834
197 267 233 307 aa
481 246 548 302 DE
574 244 724 304 BELLO
754 241 802 301 CI
805 243 899 301 VILI

165 425 177 460 1
254 404 399 461 XXXIX.
443 402 544 471 Erant,
563 410 596 459 ut
617 418 706 474 supra
724 397 959 458 demonstratum
980 407 1034 469 est,
1051 395 1184 474 legiones

146 512 149 516 ·
195 498 309 558 Afranii
331 516 377 570 111,
400 497 496 557 Petrei
520 497 607 567 duae,
629 505 782 571 praeterea
803 504 936 553 scutatae
957 493 1099 554 citerioris
1119 514 1184 570 pro

194 592 309 654 vinciae
336 603 366 653 et
392 602 520 652 cetratae
547 589 693 651 ulterioris
718 588 884 665 Hispaniae
910 589 1046 650 cohortes
1070 589 1185 650 circiter

194 707 281 748 uxxx
308 689 500 766 equitumque
528 686 680 763 utriusque
707 683 877 762 provinciae
903 681 1019 744 circiter
1046 703 1066 743 v
1093 684 1181 746 milia.

164 805 179 843 2
195 787 305 847 Caesar
315 784 446 862 legiones
465 783 496 842 in
516 781 695 858 Hispaniam
714 781 905 857 praemiserat
922 778 987 860 [ad]
1006 793 1039 839 vt
1057 779 1184 862 [milia];

194 881 298 941 auxilia
317 884 451 960 peditum
473 900 493 940 v
513 880 602 954 milia,
625 879 759 957 equitum
779 896 816 936 111
838 877 927 950 milia,
947 898 1024 955 quae
1044 879 1185 940 omnibus

195 979 394 1055 superioribus
416 978 500 1038 bellis
517 979 670 1048 habuerat,
687 986 716 1037 et
735 995 837 1053 parem
857 995 895 1035 ex
908 975 1005 1035 Gallia
1018 995 1184 1048 numerum,

194 1096 284 1152 quam
312 1077 377 1153 ipse
403 1087 568 1152 pacaverat,
590 1073 765 1135 nominatim
790 1094 828 1134 ex
855 1073 993 1134 omnibus
1016 1073 1184 1136 civitatibus

195 1171 381 1231 nobilissimo
397 1189 517 1246 quoque
536 1181 661 1232 evocato
670 1193 680 1246 3
700 1170 758 1227 huc
777 1168 882 1244 optimi
900 1168 1015 1245 generis
1028 1169 1184 1228 hominum

194 1287 231 1330 ex
254 1267 410 1344 Aquitanis
431 1266 648 1343 montanisque,
670 1265 720 1343 qui
744 1265 871 1326 Galliam
892 1265 1076 1342 provinciam
1096 1264 1184 1327 attin·

162 1375 275 1442 3gunt‚
303 1365 452 1429 adiecerat..
499 1363 651 1434 Audierat,
680 1362 856 1438 Pompeium
888 1381 942 1438 per
974 1361 1184 1433 Mauritaniam

191 1460 261 1519 'cum
289 1459 452 1536 legionibus
486 1459 540 1519 iter
571 1459 602 1518 in
636 1457 814 1534 Hispaniam
842 1460 937 1518 facere
969 1459 1185 1534 confestimque

195 1577 259 1618 esse
272 1567 435 1617 venturum.
480 1555 573 1617 Simul
591 1576 610 1615 a
623 1555 747 1616 tribunis
761 1555 889 1615 militum
903 1557 1185 1634 centurionibusque

162 1664 313 1728 4mutuas
340 1652 481 1730 pecunias
505 1653 648 1730 sumpsit;
672 1654 726 1712 has
751 1651 891 1713 exercitui
916 1654 1072 1715 distribuit.
1116 1657 1186 1730 Quo

194 1753 273 1811 sacto
293 1750 368 1809 duas
389 1769 435 1810 res
456 1760 633 1810 consecutus
655 1760 707 1821 est,
731 1751 813 1825 quod
834 1749 957 1827 pignore
981 1753 1095 1812 animos
1119 1772 1186 1812 cen-

194 1847 342 1908 turionum
356 1835 487 1908 devinxit
501 1859 531 1908 et
545 1846 700 1924 largitione
714 1847 840 1907 militum
853 1849 1022 1908 voluntates
1034 1849 1167 1910 redemit.

164 1967 176 2004 1
252 1948 315 2004 XL.
360 1944 468 2004 Fabius
482 1944 671 2004 finitimarum
690 1943 843 2004 civitatum
860 1944 976 2004 animos
993 1945 1096 2006 litteris
1111 1965 1186 2005 nun-

193 2042 300 2120 tiisque
335 2043 507 2119 temptabat.
551 2045 588 2102 In
621 2043 722 2103 Sicore
755 2042 878 2103 flumine
912 2055 1020 2120 pontes
1050 2036 1186 2104 effecerat

195 2141 271 2200 duos
299 2139 443 2199 distantes
475 2139 551 2198 inter
585 2159 616 2199 se
644 2139 726 2199 milia
757 2159 898 2216 passuum
925 2152 1069 2216 quattuor.
1127 2141 1186 2201 His

194 2235 335 2312 pontibus
356 2237 529 2311 pabulatum
551 2235 695 2308 mittebat,
718 2236 801 2310 quod
821 2255 865 2308 ea,
887 2256 964 2312 quae
984 2236 1057 2296 citra
1077 2238 1186 2296 flumen

165 2331 318 2402 aluerant,
334 2330 533 2406 superioribus
550 2330 655 2390 diebus
674 2343 906 2407 consumpserat.
949 2334 1019 2391 Hoc
1031 2331 1112 2392 idem
1126 2334 1187 2393 fere
1266 2407 1270 2414 1

196 2437 285 2501 atque
299 2427 405 2485 eadem
419 2427 457 2486 de
471 2445 561 2486 causa
576 2425 752 2503 Pompeiani
766 2427 911 2487 exercitus
924 2429 1015 2486 duces
1029 2428 1185 2501 faciebant,

164 2542 181 2597 3
196 2523 358 2598 crebroque
372 2521 449 2580 inter
462 2541 494 2581 se
508 2521 695 2597 equestribus
708 2522 829 2598 proeliis
843 2524 1071 2583 contendebant.
1115 2526 1187 2584 Huc

195 2637 263 2677 cum
290 2616 440 2677 cotidiana
463 2617 679 2677 consuetudine
702 2637 839 2694 egressae
862 2620 1083 2702 pabulatoribus
1107 2640 1187 2696 prae-

196 2713 272 2774 sidio
289 2713 426 2790 propiore
438 2721 525 2789 ponte
541 2713 674 2790 legiones
689 2713 838 2775 Fabianae
856 2715 932 2776 duae
947 2717 1056 2776 flumen
1071 2717 1187 2777 transis-

197 2820 262 2869 sent
279 2809 550 2886 impedimentaque
567 2798 599 2868 et
619 2809 717 2868 omnis
736 2809 882 2884 equitatus
895 2810 1072 2885 sequeretur,
1088 2811 1187 2872 subito

195 2904 224 2964 vi
237 2913 392 2964 ventorum
413 2915 442 2963 et
463 2924 557 2980 aquae
578 2904 781 2980 magnitudine
801 2925 879 2983 pons
899 2917 944 2967 est
963 2906 1140 2984 interruptus
1157 2921 1186 2970 et

164 3000 309 3075 4reliqua
341 2999 500 3060 multitudo
534 2999 668 3076 equitum
703 3002 867 3061 interclusa.
911 3004 980 3078 Quo
1013 3006 1135 3081 cognito
1169 3027 1187 3066 a

197 3093 313 3155 Petreio
335 3105 364 3153 et
383 3094 505 3154 Afranio
526 3115 562 3154 ex
581 3115 687 3172 aggere
706 3106 798 3172 atque
818 3097 952 3170 cratibus,
968 3118 1044 3176 quae
1065 3101 1188 3162 flumine

196 3191 369 3262 terebantur,
399 3191 531 3250 celeriter
563 3211 617 3251 suo
648 3203 742 3268 ponte
774 3193 920 3266 Afranius,
949 3214 1038 3272 quem
1072 3197 1188 3275 oppido

196 3284 357 3358 castrisque
376 3286 568 3347 coniunctum
588 3288 727 3362 habebat,
749 3290 880 3366 legiones
901 3308 939 3350 111
963 3293 1188 3372 equitatumque

196 3396 317 3436 omnem
344 3378 457 3437 traiecit
484 3382 661 3457 duabusque
690 3385 827 3445 Fabianis
854 3388 980 3447 occurrit
1011 3389 1186 3465 legionibus.

167 3486 181 3544 5
197 3471 290 3529 Cuius
304 3471 434 3531 adventu
448 3476 583 3536 nuntiato
599 3482 630 3537 1.
649 3481 785 3555 Plancus,
801 3482 852 3558 qui
865 3484 1030 3560 legionibus
1044 3501 1186 3562 praeerat,
