2625 3834
166 212 184 266 6
452 207 519 266 DE
545 207 694 266 BELLO
725 207 773 266 CI
776 208 870 264 VILl

165 365 329 433 purgatum,
352 375 391 414 ne
412 374 456 429 ea,
478 373 554 431 quae
573 353 615 414 rei
636 353 774 431 publicae
794 374 883 413 causa
903 350 1002 430 egerit,
1022 350 1053 411 in
1074 371 1157 412 suam

165 450 377 512 contumeliam
404 459 505 510 vertat.
551 451 676 526 Semper
702 468 735 509 se
761 449 803 510 rei
829 449 968 525 publicae
998 448 1158 508 commoda

165 548 285 626 privatis
296 545 563 609 necessitudinibus
574 546 712 608 habuisse
722 546 845 624 potiora
870 548 1027 608 Caesarem
1038 564 1157 623 quoque

165 665 220 723 pro
241 665 295 706 sua
313 643 456 722 dignitate
468 644 579 704 debere
593 653 623 703 et
633 642 766 703 studium
779 653 810 703 et
822 641 1005 702 iracundiam
1019 661 1103 702 suam
1115 641 1157 701 rei

165 743 302 821 publicae
312 742 460 804 dimittere
469 761 566 819 neque
577 742 653 802 adeo
664 740 789 818 graviter
797 740 882 800 irasci
892 739 1028 813 inimicis,
1038 750 1079 813 ut,
1089 758 1157 798 cum

133 837 221 909 4illis
241 855 349 897 nocere
369 856 401 896 se
420 845 525 912 speret,
540 833 582 894 rei
600 835 738 912 publicae
752 845 867 896 noceat.
911 837 1011 893 Pauca
1024 833 1157 893 eiusdem

164 934 280 1012 generis
293 934 376 994 addit
394 953 464 995 cum
485 933 675 995 excusatione
695 933 820 1010 Pompei
834 931 1001 993 coniuncta.
1044 933 1158 992 Eadem

141 1021 144 1032 '
164 1033 225 1093 iere
238 1043 328 1109 atque
349 1031 462 1092 eisdem
481 1030 579 1092 verbis
596 1043 715 1108 praetor
729 1030 856 1092 Roscius
873 1029 933 1107 agit
946 1048 1016 1090 cum
1030 1031 1158 1090 Caesare

163 1127 279 1204 sibique
295 1125 472 1205 Pompeium
486 1145 736 1188 commemorasse
750 1128 940 1187 demonstrat.

136 1244 148 1282 1
227 1226 280 1283 Dc
324 1224 410 1298 Quae
429 1243 476 1282 res
495 1223 551 1284 etsi
570 1222 643 1282 nihil
661 1224 701 1283 ad
719 1223 861 1282 levandas
878 1218 1000 1310 iniurias
1013 1218 1158 1298 pertinere

165 1321 349 1395 videbantur,
371 1333 471 1382 tamen
492 1322 617 1382 idoneos
639 1333 743 1382 nactus
764 1319 909 1393 homines,
930 1339 984 1396 per
1010 1337 1086 1395 quos
1112 1337 1156 1390 ea,

165 1440 242 1497 quae
255 1422 352 1493 vellet,
366 1421 405 1479 ad
418 1440 487 1479 eum
501 1421 706 1496 perferrentur,
720 1417 794 1496 petit
815 1420 853 1478 ab
868 1429 1002 1493 utroque,
1017 1413 1158 1490 quoniam

166 1516 292 1593 Pompei
311 1517 453 1576 mandata
466 1516 506 1575 ad
520 1535 552 1575 se
566 1517 733 1587 detulerint,
750 1535 788 1575 ne
801 1525 960 1592 graventur
973 1532 1026 1572 sua
1040 1531 1158 1588 quoque

165 1614 203 1673 ad
224 1632 294 1673 eum
314 1614 464 1688 postulata
482 1613 603 1684 deleme,
622 1611 647 1671 si
667 1631 760 1688 parvo
780 1613 881 1670 labore
902 1629 1023 1686 magnas
1042 1619 1157 1668 contro·

165 1708 274 1770 versias
294 1711 397 1769 tollere
415 1719 506 1785 atque
521 1727 642 1768 ornnem
662 1708 780 1768 Italiam
794 1718 875 1767 metu
894 1707 1018 1766 liberare
1035 1703 1155 1781 possint

135 1827 149 1864 2
165 1807 228 1866 Sibi
249 1827 365 1883 semper
383 1804 509 1882 primam
527 1804 569 1866 rei
588 1803 726 1882 publicae
746 1805 835 1865 fuisse
853 1803 1027 1879 dignitatem
1040 1802 1159 1878 vitaque

165 1902 320 1979 potiorem.
364 1901 503 1962 Doluisse
527 1923 567 1974 se,
589 1903 672 1978 quod
697 1901 800 1978 populi
824 1899 954 1961 Romani
981 1897 1158 1959 beneficium

167 1998 223 2059 sibi
242 2019 295 2076 per
315 1998 526 2060 contumeliam
548 2001 586 2058 ab
607 1997 733 2058 inimicis
754 2009 982 2074 extorqueretur,
997 2008 1157 2075 ereptoque

167 2095 320 2156 semenstri
348 2096 472 2172 imperio
498 2093 529 2153 in
557 2098 661 2155 urbem
688 2097 891 2168 retraheretur,
919 2095 1002 2155 cuius
1029 2095 1159 2155 absentis

134 2214 151 2268 3
166 2193 309 2253 rationem
323 2192 424 2252 haberi
436 2191 577 2270 proximis
592 2191 719 2252 comitiis
732 2195 863 2270 populus
876 2192 1016 2253 iussisset.
1043 2195 1159 2252 Tamen

166 2291 244 2349 hanc
262 2289 405 2348 iacturam
423 2288 543 2349 honoris
563 2288 609 2349 sui
626 2289 669 2348 rei
687 2289 823 2366 publicae
843 2309 932 2349 causa
950 2308 1047 2365 aequo
1060 2289 1160 2349 animo

167 2386 285 2462 tulisse;
318 2406 386 2446 cum
414 2385 523 2446 litteras
550 2389 590 2447 ad
618 2398 754 2447 senatum
781 2387 902 2455 miserit,
929 2399 963 2447 ut
990 2407 1094 2448 omnes
1121 2391 1159 2447 ab

134 2483 340 2558 4exercitibus
361 2483 554 2559 discederent,
577 2505 614 2544 ne
635 2484 668 2544 id
688 2485 809 2560 quidem
830 2483 1039 2561 impetravisse.
1082 2488 1160 2545 Tota

168 2578 253 2641 Italia
267 2581 392 2641 dilectus
406 2580 516 2653 haberi,
528 2580 645 2640 retineri
659 2579 792 2658 legiones
806 2599 840 2655 11,
856 2601 933 2658 quae
946 2582 984 2641 ab
998 2601 1030 2641 se
1044 2579 1160 2640 simula-

166 2675 247 2738 tione
269 2677 396 2738 Parthici
417 2677 487 2738 belli
500 2677 559 2738 sint
579 2680 735 2750 abductae,
757 2678 907 2739 civitatem
927 2696 992 2738 esse
1013 2678 1044 2736 in
1062 2676 1157 2738 armis

135 2794 150 2852 5
169 2776 308 2849 Quonam
322 2776 397 2834 haec
412 2774 512 2835 omnia
525 2773 582 2835 nisi
596 2776 635 2835 ad
649 2795 733 2835 suam
744 2775 903 2852 perniciem
918 2775 1082 2853 pertinere?
1101 2777 1160 2836 Sed

167 2883 265 2932 tamen
287 2873 326 2932 ad
347 2871 448 2932 omnia
468 2890 500 2932 se
521 2873 702 2932 descendere
723 2884 858 2949 paratum
879 2884 968 2949 atque
985 2871 1087 2933 omnia
1098 2873 1160 2950 pati

168 2969 209 3030 rei
236 2968 372 3046 publicae
397 2988 493 3028 causa.
536 2968 743 3028 Proficiscatur
767 2969 927 3046 Pompeius
950 2969 981 3030 in
1005 2989 1073 3029 suas
1096 2989 1161 3047 pro

169 3065 288 3140 vincias,
303 3064 360 3144 ipsi
381 3065 523 3127 exercitus
545 3065 703 3139 dimittant,
722 3064 876 3127 discedant
896 3066 927 3125 in
949 3067 1037 3127 Italia
1056 3086 1161 3128 omnes

168 3164 207 3222 ab
233 3160 330 3235 armis,
350 3171 446 3222 metus
473 3181 491 3222 e
514 3161 632 3222 civitate
659 3164 785 3235 tollatur,
806 3162 897 3222 libera
924 3162 1045 3224 comitia
1071 3174 1161 3239 atque

168 3257 265 3318 omnis
283 3277 329 3318 res
347 3257 468 3334 publica
486 3257 600 3318 senatui
620 3260 793 3334 populoque
812 3262 952 3318 Romano
969 3258 1159 3335 permittatur.

136 3357 257 3415 6Haec
284 3373 344 3430 quo
370 3353 484 3413 facilius
511 3353 657 3430 certisque
692 3352 917 3415 condicionibus
943 3357 1016 3414 fiant
1042 3366 1072 3416 et
1099 3356 1161 3416 iure

169 3449 294 3510 iurando
309 3449 485 3522 sanciantur,
500 3461 549 3510 aut
563 3449 627 3527 ipse
646 3451 767 3527 propius
785 3452 909 3512 accedat
923 3465 972 3512 aut
987 3472 1019 3512 se
1035 3453 1161 3529 patiatur
