2625 3834
305 193 308 198 ’
396 215 481 272 rra.
510 216 537 272 J.
586 214 675 271 cnr.
706 213 894 272 XVI-XX.
1112 230 1144 270 11

155 366 242 442 ponit
249 387 257 440 3
277 366 322 426 his
337 365 438 426 castris
450 365 609 427 Curionem
624 365 774 442 praefecit.
798 363 932 442 Reliquis
946 361 1051 424 diebus
1066 362 1148 440 oppi-
1162 365 1180 421 6

155 462 227 522 dum
238 465 316 524 vallo
331 464 518 541 castellisque
532 463 761 524 circummunire
775 462 907 524 instituit.
944 461 1036 525 Cuius
1050 459 1147 538 operis

154 559 281 620 maxima
297 572 379 637 parte
397 563 503 622 effecta
521 562 628 622 eodem
645 563 706 624 sere
724 572 857 639 tempore
875 559 957 620 missi
970 580 989 620 a
1003 556 1147 635 Pompeio

154 667 344 716 revertuntur.
642 669 645 676 '

213 755 300 814 XIX.
341 753 459 816 Litteris
482 753 618 832 perlectis
646 754 798 816 Domitius
818 752 1007 814 dissimulans
1027 752 1058 812 in
1078 773 1176 814 con-1
1257 815 1263 819 ,

128 835 132 842 ⁸
154 851 219 915 silio
245 852 424 931 pronuntiat,
454 853 631 930 Pompeium
659 852 793 914 celeriter
820 851 953 913 subsidio
980 862 1144 922 venturum,

153 951 343 1026 hortaturque
370 968 430 1023 eos,
459 969 498 1010 ne
529 948 631 1012 animo
663 949 811 1023 deficiant,
840 970 977 1027 quaeque
1009 947 1075 1008 usui
1107 948 1145 1008 ad

153 1046 375 1107 defendendum
403 1047 546 1124 oppidum
575 1048 641 1120 sint,
670 1058 782 1125 parent.
840 1050 909 1124 Ipse
936 1065 1045 1107 arcano
1077 1065 1177 1104 cuma

152 1143 253 1218 paucis
287 1143 477 1204 familiaribus
504 1145 565 1208 suis
599 1145 778 1222 colloquitur
811 1144 1027 1220 consiliumque
1059 1143 1145 1220 fugae

152 1259 257 1318 capere
278 1241 437 1302 constituit.
473 1244 553 1304 Cum
573 1246 670 1304 vultus
693 1243 817 1303 Domitii
838 1264 907 1302 cum
928 1242 1062 1303 oratione
1082 1261 1144 1301 non

152 1339 330 1399 consentiret
353 1350 442 1416 atque
470 1339 571 1398 omnia
597 1339 792 1417 trepidantius
820 1339 1010 1416 timidiusque
1036 1330 1166 1415 ageret,

151 1456 241 1512 quam
260 1435 459 1512 superioribus
480 1435 586 1497 diebus
605 1448 787 1510 consuesset,
802 1439 987 1512 multumque
1002 1455 1070 1495 cum
1085 1434 1145 1493 suis

151 1533 327 1593 consiliandi
345 1553 435 1593 causa
455 1545 569 1594 secreto
591 1546 708 1612 praeter
726 1534 975 1595 consuetudinem
995 1534 1144 1608 colloque-

151 1641 235 1704 retur,
254 1631 380 1690 concilia
401 1643 626 1709 conventusque
646 1633 802 1692 hominum
823 1636 945 1710 fugeret,
966 1651 1011 1691 res
1032 1631 1143 1690 diutius

151 1726 210 1805 tegi
237 1727 472 1806 dissimularique
497 1750 558 1789 non
582 1731 687 1806 potuit.
732 1729 892 1806 Pompeius
916 1729 997 1789 enim
1024 1727 1176 1805 rescrip-3

151 1837 235 1898 serat,
256 1846 321 1887 sese
348 1847 410 1887 rem
439 1826 469 1886 in
497 1846 646 1886 summum
674 1827 836 1904 periculum
862 1829 1058 1888 deducturum
1082 1846 1143 1885 non

150 1941 223 1996 esse,
245 1942 342 1998 neque
370 1943 424 1983 suo
451 1923 576 1984 consilio
604 1935 655 1984 aut
683 1925 835 1985 voluntate
860 1923 1026 1984 Domitium
1053 1943 1085 1984 se
1112 1923 1143 1983 in

149 2020 292 2096 oppidum
321 2021 485 2082 Corfinium
513 2023 694 2084 contulisse:
728 2023 863 2100 proinde,
893 2023 917 2084 si
949 2043 1007 2100 qua
1041 2023 1176 2096 fuisset4

148 2116 279 2189 facultas,
302 2118 340 2176 ad
361 2137 481 2177 secum
507 2119 645 2180 omnibus
670 2121 766 2196 copiis
790 2121 910 2182 veniret.
956 2123 993 2180 Id
1017 2142 1056 2181 ne
1079 2122 1142 2181 fieri

149 2224 258 2288 posset,
274 2211 432 2275 obsidione
445 2226 535 2292 atque
551 2215 654 2294 oppidi
668 2217 944 2279 circummunitione
958 2220 1056 2280 fiebat.

208 2313 275 2369 XX.
319 2311 479 2389 Divulgato
515 2314 639 2374 Domitii
674 2317 799 2376 consilio
834 2315 949 2389 milites,
978 2317 1030 2393 qui
1060 2328 1172 2377 erantr

148 2407 280 2480 Corfinii,
299 2408 395 2484 primo
413 2409 528 2486 vesperi
547 2411 746 2472 secessionem
766 2413 878 2472 faciunt
896 2424 986 2488 atque
1005 2413 1047 2472 ita
1066 2412 1142 2473 inter

147 2522 179 2561 se
193 2522 247 2578 per
260 2503 394 2564 tribunos
408 2504 534 2565 militum
549 2507 799 2584 centurionesque
813 2519 903 2584 atque
917 2509 1142 2570 honestissimos

147 2599 193 2658 sui
202 2600 317 2676 generis
328 2604 549 2678 colloquuntur:
571 2604 700 2664 obsideri
710 2625 743 2666 se
756 2627 774 2664 a
787 2609 930 2680 Caesare;
944 2625 1036 2684 opera
1049 2609 1142 2667 muni·
1157 2630 1173 2668 a

146 2695 302 2773 tionesque
329 2717 423 2775 prope
445 2719 510 2760 esse
530 2703 690 2777 perfectas;
720 2704 827 2763 ducem
852 2722 938 2761 suum
964 2704 1140 2777 Domitium,

146 2792 229 2853 cuius
257 2813 310 2871 spe
336 2807 424 2872 atque
452 2797 562 2858 fiducia
588 2799 811 2875 permanserint,
839 2800 977 2876 proiectis
1003 2801 1141 2864 omnibus

146 2893 233 2967 sugae
256 2890 412 2951 consilium
437 2911 559 2970 capere:
588 2896 699 2956 debere
723 2915 755 2957 se
779 2917 850 2958 suae
873 2898 975 2959 salutis
995 2900 1140 2961 rationem

145 2990 263 3049 habere.
307 2991 354 3050 Ab
373 2991 419 3050 his
437 2991 534 3069 primo
554 2993 647 3053 Marsi
668 2995 823 3056 dissentire
847 2995 992 3074 incipiunt
1016 3018 1172 3075 eamque3

145 3084 249 3161 oppidi
263 3097 386 3161 partem,
398 3107 476 3164 quae
489 3090 687 3152 munitissima
699 3091 855 3167 videretur,
869 3107 1018 3171 occupant
1022 3117 1031 3170 3
1045 3108 1138 3157 tanta-
1154 3120 1173 3171 4

145 3200 204 3257 que
222 3181 298 3242 inter
317 3203 368 3244 eos
387 3186 532 3247 dissensio
552 3187 673 3264 exsistit,
692 3202 725 3250 ut
742 3211 863 3252 manum
883 3213 1037 3255 conserere
1051 3208 1140 3272 atque

144 3277 232 3338 armis
261 3279 401 3340 dimicare
429 3295 591 3358 conentur3
618 3298 687 3362 post
713 3290 803 3364 paulo
830 3301 930 3350 tamen
953 3291 1139 3352 internuntiis

143 3374 221 3433 ultro
240 3373 373 3451 citroque
389 3375 495 3451 missis,
516 3399 592 3455 quae
611 3382 796 3458 ignorabant,
814 3386 853 3444 de
873 3387 908 3442 L.
928 3384 1053 3443 Domitii
1071 3386 1140 3462 fuga

144 3483 335 3548 cognoscunt.
380 3475 488 3552 Itaque
516 3497 620 3537 omnes
648 3499 709 3539 uno
737 3480 861 3540 consilio
886 3479 1052 3539 Domitium
1072 3502 1127 3557 pro
1153 3501 1169 3560 5
