2625 3834
429 171 595 244 tras.
642 186 733 244 cra
761 185 893 242 r-ru.
1048 155 1049 158 ‘
1131 205 1168 260 29

181 343 318 401 frumenti
333 341 524 414 deminuerat,
541 351 630 417 atque
644 339 837 413 incommoda
849 339 881 398 in
895 340 958 400 dies
972 342 1169 416 augebantur;

181 447 211 496 et
230 448 289 497 tarn
310 437 412 514 paucis
431 436 536 496 diebus
555 457 663 513 magna
682 447 744 496 erat
761 456 858 496 rerum
878 439 956 496 facta
975 435 1201 513 commutatio3

181 539 217 594 ac
238 555 270 596 se
290 537 406 596 fortuna
425 534 625 606 inclinaverat,
646 545 679 593 ut
700 533 793 594 nostri
813 554 922 611 magna
941 533 1046 610 inopia
1068 553 1169 594 neces-

182 636 321 696 sariarum
348 637 444 695 rerum
472 631 719 707 conflictarentur,
748 633 790 692 illi
817 633 957 694 omnibus
984 630 1169 694 abundarent

181 735 268 792 rebus
299 730 522 812 superioresqpe
553 730 739 790 haberentur.
781 731 892 790 Caesar
922 729 965 790 eis
992 729 1201 803 civitatibus,4

181 851 257 906 quae
286 830 325 888 ad
356 828 419 888 eius
453 825 613 887 amicitiam
645 832 838 901 accesserant,
868 828 950 902 quod
984 825 1081 887 minor
1106 839 1168 887 erat

181 925 318 986 frumenti
334 924 428 1001 copia,
443 944 535 1001 pecus
551 923 715 1000 imperabat
724 943 733 994 3
754 925 874 982 calones
893 924 933 982 ad
949 923 1168 1000 longinquiores

180 1021 314 1082 civitates
334 1021 500 1082 dimittebat
511 1042 520 1094 ;
541 1019 605 1096 ipse
626 1029 813 1096 praesentem
833 1018 974 1095 inopiam,
996 1019 1102 1095 quibus
1115 1039 1167 1096 po·

181 1130 255 1180 terat
268 1117 414 1189 subsidiis¹
430 1120 587 1177 tutabatur.

240 1217 326 1274 LIII.
370 1217 456 1274 Haec
484 1213 622 1273 Afranius
655 1211 848 1292 Petreiusque
882 1225 912 1276 et
945 1235 1047 1276 eorum
1081 1215 1198 1274 amicir

180 1311 313 1389 pleniora
332 1309 420 1372 etiam
442 1321 530 1386 atque
551 1310 688 1370 uberiora
709 1313 840 1372 Romam
860 1314 899 1372 ad
921 1332 991 1372 suos
1011 1312 1169 1390 perscribe-

180 1411 261 1469 bant.
305 1410 402 1468 Multa
421 1427 537 1489 rumore
558 1399 783 1483 affin'gebantur,
803 1419 836 1467 ut
854 1429 949 1485 paene
971 1411 1082 1468 bellum
1100 1428 1200 1469 con-2

180 1506 290 1564 fectum
301 1503 453 1563 videretur.
487 1502 604 1578 Quibus
615 1502 717 1564 litteris
729 1502 898 1580 nuntiisque
910 1507 1039 1565 Romam
1051 1504 1169 1581 perlatis
1183 1526 1201 1582 3

181 1600 280 1678 magni
301 1602 423 1662 domum
444 1619 603 1668 concursus
627 1594 843 1660 ad'Afranium
867 1621 1050 1688 magnaeque
1075 1613 1167 1679 gratu·
1193 1609 1195 1613 ’

181 1697 304 1756 lationes
318 1699 429 1756 fiebant
438 1717 446 1770 ς
467 1687 549 1755 multi
564 1715 601 1756 ex
616 1694 702 1755 Italia
718 1697 758 1756 ad
776 1699 829 1756 Cn
848 1697 1023 1773 Pompeium
1041 1699 1169 1775 proficis-

181 1795 331 1866 cebantur,
346 1792 404 1864 alii,
419 1804 452 1852 ut
470 1791 618 1870 principes
637 1795 728 1852 talem
747 1794 883 1852 nuntium
901 1793 1041 1867 attulisse,
1057 1793 1114 1868 alii,
1129 1814 1168 1856 ne

181 1898 319 1948 eventurn
334 1876 403 1946 belli
420 1895 604 1961 exspectasse
621 1897 672 1946 aut
686 1905 722 1946 ex
736 1886 874 1947 omnibus
889 1886 1039 1948 novissimi
1053 1886 1168 1949 venisse

181 1981 365 2042 viderentur.
573 1980 578 1987 ’
833 1987 837 1998 ”

241 2083 321 2140 LIV.
366 2083 450 2142 Cum¹
462 2080 492 2141 in
509 2082 554 2142 his
572 2081 714 2160 angustiis
732 2101 778 2142 res
792 2093 869 2142 esset
883 2092 973 2159 atque
987 2102 1090 2143 omnes
1103 2081 1168 2143 viae
1185 2104 1198 2142 1

181 2179 219 2237 ab
229 2175 395 2236 Afranianis
405 2177 546 2240 militibus
556 2179 763 2256 equitibusque
774 2180 978 2240 obsiderentur
991 2199 1047 2239 nec
1061 2191 1169 2257 pontes

165 2274 281 2352 'perfici
296 2286 426 2362 possent,
444 2276 568 2353 irnperat
588 2276 729 2338 militibus
749 2279 867 2351 Caesar,
887 2288 920 2337 ut
941 2299 1030 2338 naves
1050 2277 1167 2351 faciant,

181 2369 264 2431 cuius
282 2371 396 2448 generis
415 2391 482 2432 eurn
502 2373 699 2450 superioribus
713 2373 798 2433 annis
812 2394 882 2434 usus
897 2373 1065 2435 Britanniae
1079 2377 1169 2435 docu-

182 2478 250 2528 erat.
294 2467 420 2540 Carinae
439 2489 474 2528 ac
492 2469 587 2545 prima
606 2468 768 2530 statumina
781 2489 819 2530 ex
832 2468 888 2530 levi
904 2471 1026 2530 materia
1039 2472 1151 2531 fiebant
1159 2494 1168 2547 ;
1184 2493 1199 2530 2

181 2564 326 2650 reliquum
340 2584 446 2640 corpus
465 2565 583 2625 navium
601 2565 758 2626 viminibus
773 2576 945 2626 contextum
959 2565 1045 2650 coriis
1061 2563 1169 2644 intege-

29 2650 32 2662 '
80 2677 83 2680 ·
181 2662 273 2721 batur.
317 2664 383 2721 Has
407 2664 551 2747 perfectas
575 2663 663 2723 carris
690 2661 797 2723 iunctis
824 2661 945 2723 devehit
971 2672 1062 2722 noctu
1089 2662 1200 2739 rnilia3

181 2777 320 2835 passuum
334 2778 352 2817 a
370 2758 471 2818 castris
488 2778 557 2819 xxrr
572 2759 739 2836 militesque
755 2759 801 2819 his
818 2758 941 2819 navibus
955 2758 1065 2818 flumen
1079 2769 1169 2818 trans-

180 2864 278 2930 portat
305 2853 567 2932 continentemque
595 2855 677 2932 ripae
705 2857 813 2915 collem
840 2853 1000 2931 improviso
1032 2866 1166 2932 occupat.

181 2953 275 3010 Hunc
295 2949 434 3025 celeriter,
457 2951 645 3028 priusquam
667 2952 705 3010 ab
725 2949 897 3010 adversariis
918 2950 1067 3026 sentiatur,
1089 2971 1201 3024 com-4

180 3049 283 3108 munit.
331 3051 403 3107 Huc
430 3049 577 3125 legionem
605 3060 711 3125 postea
737 3048 835 3108 traicit
859 3059 966 3126 atque,
982 3067 1018 3108 ex
1045 3059 1168 3125 utraque

180 3156 263 3223 parte
283 3155 406 3222 pontem
426 3143 560 3217 instituit,
581 3143 675 3205 biduo
695 3143 817 3219 perficit.
860 3144 1114 3203 Ita'commeatus
1138 3152 1198 3217 et5

181 3239 232 3318 qui
251 3238 391 3300 frumenti
410 3222 507 3320 causa·
519 3249 723 3318 processerant
743 3249 808 3298 tuto
828 3239 868 3298 ad
888 3257 920 3298 se
938 3236 1042 3312 recipit
1057 3246 1087 3296 et
1104 3254 1166 3294 rem

180 3327 400 3396 frumentariam
413 3323 551 3412 expedire
566 3335 677 3411 incipit.
1116 3321 1119 3328 ¹

242 3435 304 3490 LV.
348 3432 463 3490 Eodem
495 3432 544 3491 die
578 3430 710 3505 equitum
743 3445 880 3502 magnam
912 3435 1024 3499 partem
1038 3476 1041 3480 .
1056 3423 1195 3480 flumenr
