2625 3834
354 153 437 256 rin.
466 199 493 255 J.
541 197 631 258 cra
656 193 937 255 xxx-xxxxv.
1078 214 1114 274 19

122 371 215 428 quam
232 352 388 428 imperium
406 351 610 427 exercitusque
628 350 783 412 dimittere.
827 351 970 410 Iniuriam
983 351 1015 410 in
1029 350 1115 426 eripi·
1129 355 1147 411 6

122 448 209 508 endis
233 447 399 525 legionibus
423 448 580 526 praedicat,
602 448 807 508 crudelitatem
828 458 858 507 et
877 445 1064 508 insolentiam
1084 446 1116 506 in

122 544 398 606 circumscribendis
422 545 546 606 tribunis
572 543 684 622 plebis;
711 543 903 605 condiciones
927 564 946 604 a
972 564 1004 605 se
1031 546 1114 617 latas,

123 640 254 719 expetita
273 641 424 719 colloquia
444 652 474 702 et
494 643 640 719 denegata
664 652 888 702 commemorat.
929 643 988 700 Pro
1008 639 1146 717 quibusy

123 742 212 800 rebus
240 741 372 800 hortatur
399 759 435 801 ac
462 742 602 817 postulat,
626 751 660 800 ut
686 759 749 800 rem
776 738 927 817 publicam
954 740 1116 814 suscipiant

124 846 214 912 atque
227 854 286 894 una
299 854 400 895 secum
415 834 637 908 administrent;
659 834 704 894 sin
719 834 824 896 timore
837 833 999 912 defugiant,
1013 833 1069 893 illis
1083 851 1116 894 se

124 931 207 991 oneri
220 950 283 991 non
296 932 425 990 futurum
440 941 470 991 et
483 950 537 1007 per
550 950 582 991 se
596 950 658 991 rem
671 930 820 1007 publicam
833 929 1113 990 administraturum

125 1029 253 1104 Legatos
280 1029 320 1087 ad
348 1026 524 1104 Pompeium
548 1029 587 1088 de
614 1025 834 1103 compositione
861 1025 937 1086 mitti
962 1036 1098 1102 oportere
1105 1027 1147 1098 38

124 1144 222 1201 neque
238 1143 270 1184 se
288 1123 485 1197 reformidare,
500 1126 584 1201 quod
600 1124 630 1184 in
649 1136 754 1186 senatu
769 1123 928 1200 Pompeius
942 1125 1032 1201 paulo
1045 1133 1115 1184 ante

124 1219 253 1293 dixisset,
263 1221 302 1280 ad
316 1239 390 1296 quos
404 1219 492 1297 legati
506 1221 699 1293 mitterentur,
714 1219 760 1280 his
773 1220 977 1281 auctoritatem
998 1219 1117 1281 attribui

125 1315 319 1394 timoremque
333 1336 443 1391 eorum,
459 1319 509 1393 qui
524 1317 682 1394 mitterent,
697 1318 860 1396 significari.
900 1319 1013 1380 Tenuis
1027 1329 1115 1395 atque

124 1414 232 1474 infirmi
259 1417 332 1474 baec
359 1413 449 1473 animi
476 1413 576 1475 videri.
618 1418 657 1477 Se
684 1437 762 1490 vero,
783 1427 816 1476 ut
842 1416 980 1494 operibus
1003 1415 1116 1476 anteire

125 1511 276 1587 studuerit,
293 1510 335 1571 sic
356 1509 466 1570 iustitia
486 1521 516 1570 et
536 1511 685 1588 aequitate
705 1515 781 1573 velle
801 1532 946 1590 superare.

185 1609 337 1668 XXXIII.
380 1609 489 1667 Probat
516 1627 578 1668 rem
603 1618 723 1668 senatus
750 1610 789 1669 de
816 1608 967 1669 mittendis
994 1608 1145 1686 legatis31

125 1705 188 1778 sed,
203 1706 252 1781 qui
270 1704 461 1777 mitterentur,
476 1723 538 1764 non
556 1705 784 1781 reperiebantur,
799 1706 986 1783 maximeque
1003 1704 1116 1764 timoris

125 1821 215 1862 causa
232 1820 287 1879 pro
305 1821 336 1862 se
355 1801 479 1878 quisque
497 1801 529 1861 id
548 1822 656 1862 munus
675 1801 830 1879 legationis
846 1805 1008 1863 recusabat.
1030 1804 1146 1861 Pom-a

125 1897 208 1974 peius
224 1896 305 1958 enirn
323 1897 480 1958 discedens
498 1898 538 1956 ab
557 1898 630 1958 urbe
651 1897 683 1957 in
703 1910 806 1959 senatu
821 1899 943 1972 dixerat,
958 1899 1065 1959 eodem
1083 1917 1115 1958 se

125 1993 293 2054 habiturum
309 1995 387 2067 loco,
406 1993 458 2069 qui
478 1996 593 2055 Rornae
609 1995 820 2057 remansissent
840 2007 870 2057 et
890 1995 941 2072 qui
961 1995 993 2054 in
1012 1993 1115 2055 castris

126 2089 260 2150 Caesada
273 2090 403 2150 fuissent.
447 2089 495 2150 Sic
511 2091 642 2152 triduum
662 2093 911 2170 disputationibus
925 2091 1117 2152 excusationi·
1130 2111 1147 2168 3

127 2185 240 2262 busque
261 2184 426 2246 extrahitur.
470 2187 618 2248 Subicitur
642 2188 731 2250 etiam
754 2192 787 2248 L.
814 2191 954 2249 Metellus
982 2187 1115 2249 tribunus

126 2281 220 2358 plebis
233 2285 272 2343 ab
286 2283 412 2344 inimicis
427 2283 573 2360 CaesariS,
590 2285 641 2362 qui
654 2286 733 2345 hanc
746 2306 809 2347 rem
823 2286 964 2346 distrahat
977 2286 1116 2362 reliquas-

128 2396 185 2453 que
212 2397 267 2450 res,
292 2399 494 2459 quascumque
520 2399 607 2456 agere
634 2381 800 2453 instituerit,
829 2380 980 2458 impediat
1024 2382 1149 2455 Cuius4

127 2472 247 2550 cognito
267 2475 391 2536 consilio
412 2479 521 2538 Caesar
541 2477 646 2536 frustra
666 2477 770 2537 diebus
790 2476 904 2553 aliquot
922 2476 1114 2553 consumptis,

128 2588 166 2628 ne
185 2570 329 2648 reliquum
350 2582 467 2649 tempus
486 2571 610 2647 amittat,
630 2571 746 2633 infectis
765 2571 815 2647 eis,
834 2591 910 2648 quae
925 2589 1011 2648 agere
1029 2570 1117 2631 desti-

127 2679 254 2741 naverat,
274 2671 313 2730 ab
333 2671 406 2731 urbe
425 2668 620 2747 proficiscitur
639 2679 730 2746 atque
749 2668 781 2728 in
802 2668 969 2729 ulteriorem
990 2667 1116 2728 Galliam

127 2766 266 2840 pervenit

187 2862 329 2921 XXXIV.
376 2864 446 2937 Quo
480 2880 549 2919 curn
579 2863 717 2933 venisset,
748 2859 909 2937 cognoscit,
943 2859 1067 2919 missum
1098 2880 1147 2920 ar

129 2956 273 3033 Pompeio
290 2957 453 3017 Vibullium
474 2959 594 3031 Rufum,
609 2977 699 3034 quem
717 2957 819 3034 paucis
837 2969 907 3018 ante
923 2958 1028 3017 diebus
1047 2958 1118 3018 Cor·

128 3049 198 3110 finio
221 3063 340 3128 captum
368 3052 431 3129 ipse
459 3051 626 3126 dimiserat3
660 3055 826 3129 profectum
852 3050 923 3113 item
952 3050 1149 3111 Domitiuma

128 3147 166 3205 ad
188 3148 393 3223 occupandam
416 3147 580 3207 Massiliam
601 3147 725 3207 navibus
745 3147 881 3206 actuariis
901 3157 1024 3223 septem,
1045 3165 1118 3221 quas

129 3239 206 3317 Igilii
226 3253 256 3301 et
273 3241 305 3300 in
323 3244 444 3303 Cosano
459 3262 476 3301 a
489 3241 608 3318 privatis
623 3252 740 3302 coactas
754 3242 853 3314 servis,
868 3240 987 3312 libertis,
1002 3239 1117 3298 colonis

127 3341 188 3402 suis
211 3343 429 3417 compleverat3
456 3342 632 3418 praemissos
661 3341 750 3401 etiam
777 3343 888 3418 legatos
917 3337 1149 3411 Massilienses3

127 3440 260 3511 domum,
290 3438 405 3498 nobiles
432 3440 646 3511 adulescentes,
681 3456 756 3513 quos
788 3439 827 3495 ab
858 3435 930 3493 urbe
961 3430 1117 3490 discedens

970 3559 1045 3597 2-2

1116 3701 1205 3763 A
