2625 3834
170 233 189 287 4
458 219 526 277 DE
535 217 702 371 VBlELLO
732 217 879 276 CIVILI

574 307 579 316 ”
593 322 652 351 w

170 368 388 444 perscribuntur
407 388 431 429 a.
455 369 483 428 d.
501 385 559 427 vn.
583 369 627 427 ld
652 371 715 428 Ian
735 411 738 414 -
760 369 869 444 Itaque
887 387 908 426 v
927 364 1028 444 primis
1046 367 1161 440 diebus,

169 463 277 540 quibus
297 464 399 525 haberi
420 475 538 525 senatus
559 464 665 540 potuit,
684 482 744 540 qua
763 482 801 523 ex
821 461 871 524 die
891 465 1077 523 consulatum
1097 463 1163 525 iniit

170 563 320 634 Lentulus,
342 561 436 622 biduo
456 571 581 638 excepto
602 559 753 632 comitiali,
772 568 802 619 et
821 560 861 620 de
881 559 1007 636 imperio
1028 560 1162 621 Caesaris

168 666 198 716 et
218 657 256 716 de
274 656 461 733 amplissimis
480 657 556 730 viriS,
572 655 696 716 tribunis
710 655 814 732 plebis,
828 656 998 732 gravissime
1013 657 1163 717 acerbissi-

137 770 152 829 5
169 773 277 831 meque
290 755 465 815 decernitur.
508 753 680 830 Profugiunt
695 752 793 813 statim
807 773 844 814 ex
856 754 930 814 urbe
943 754 1052 813 tribuni
1065 755 1162 831 plebis

169 870 293 927 seseque
324 852 363 911 ad
396 854 553 913 Caesarem
586 852 749 910 conferunt.
802 852 834 909 Is
866 869 903 910 eo
934 863 1069 927 tempore
1100 863 1162 912 erat

170 952 332 1009 Ravennae
345 949 592 1024 exspectabatque
607 946 667 1006 suis
680 947 837 1008 lenissimis
847 949 1002 1024 postulatis
1011 967 1159 1026 responsa,

170 1048 194 1107 si
208 1067 266 1125 qua
280 1047 434 1106 hominum
448 1045 596 1123 aequitate
609 1065 655 1106 res
669 1046 708 1105 ad
722 1046 816 1106 otium
830 1048 939 1107 deduci
954 1058 1061 1124 posset.

140 1165 151 1201 1
228 1147 284 1204 VI.
327 1143 470 1203 Proximis
502 1143 607 1202 diebus
641 1143 767 1202 habetur
794 1152 876 1203 extra
902 1145 1004 1204 urbem
1033 1155 1161 1206 senatus.

171 1241 331 1318 Pompeius
350 1242 455 1301 eadem
474 1239 531 1313 illa,
547 1259 624 1316 quae
642 1259 696 1316 per
708 1239 879 1316 Scipionem
892 1242 1070 1315 ostenderat,
1085 1241 1144 1320 agit
1153 1263 1162 1316 3

170 1349 287 1397 senatus
317 1337 454 1398 virtutem
482 1335 740 1412 constantiamque
767 1337 934 1411 collaudat,
965 1337 1067 1414 copias
1090 1357 1162 1398 suas

139 1453 153 1490 2
170 1433 304 1509 exponit:
325 1433 456 1511 legiones
466 1434 576 1493 habere
587 1452 652 1494 sese
666 1443 782 1509 paratas
793 1450 815 1490 x
820 1453 830 1507 3
850 1442 1001 1509 praeterea
1011 1434 1162 1511 cognitum

169 1539 413 1605 compertumque
432 1527 496 1598 sibi,
512 1527 609 1587 alieno
628 1546 693 1586 esse
711 1525 818 1587 animo
830 1527 862 1586 in
881 1529 1040 1588 Caesarem
1054 1528 1161 1589 milites

169 1646 268 1703 neque
279 1626 320 1686 eis
330 1646 418 1702 posse
430 1624 609 1702 persuaderi,
621 1624 665 1684 uti
680 1644 748 1685 eum
762 1626 925 1685 defendant
938 1638 989 1686 aut
1003 1637 1163 1703 sequantur

138 1745 154 1800 3
170 1725 281 1785 saltem.
325 1725 372 1784 De
391 1722 509 1800 reliquis
527 1724 614 1783 rebus
632 1724 672 1782 ad
689 1735 825 1784 senatum
839 1725 978 1784 refertur:
999 1735 1062 1785 tota
1076 1725 1163 1784 Italia

170 1819 293 1879 dilectus
314 1806 489 1895 habeatu13'
502 1821 628 1878 Faustus
649 1820 730 1878 Sulla
750 1802 930 1894 propere'in
952 1819 1162 1879 Mauritaniam

137 1917 318 1991 4mittatu13
339 1916 465 1992 pecunia
484 1915 527 1974 uti
546 1935 581 1976 ex
600 1915 712 1976 aerario
730 1916 874 1992 Pompeio
889 1917 985 1975 detur.
1026 1917 1162 1976 Refertur

169 2012 259 2073 etiam
278 2014 317 2073 de
335 2032 402 2089 rege
425 2014 509 2083 Iuba,
524 2024 558 2073 ut
576 2012 675 2071 socius
694 2012 732 2072 sit
748 2023 837 2089 atque
851 2013 963 2072 amicus
972 2033 981 2086 3
1004 2014 1162 2072 Marcellus

140 2128 154 2186 5
170 2129 240 2170 vero
258 2129 412 2186 passurum
432 2127 464 2168 se
482 2106 513 2166 in
531 2107 697 2184 praesentia
713 2118 808 2185 negat.
852 2111 900 2168 De
914 2111 1025 2168 Fausto
1038 2109 1162 2185 impedit

172 2205 325 2282 Philippus
346 2205 479 2265 tribunus
498 2204 602 2281 plebis.
646 2207 694 2265 De
712 2204 830 2281 reliquis
850 2207 938 2264 rebus
956 2215 1076 2264 senatus
1093 2225 1162 2266 con·

171 2304 247 2362 sulta
263 2301 488 2378 perscribuntur.
531 2298 704 2359 Provinciae
722 2299 842 2376 privatis
862 2300 1068 2376 decernuntur,
1086 2303 1161 2363 duae

169 2400 345 2469 consulares
374 2397 505 2473 reliquae
536 2397 707 2473 praetoriae.
759 2396 892 2474 Scipioni
923 2398 1044 2460 obvenit
1071 2401 1160 2478 Syria,

118 2571 122 2578 Ι
172 2497 204 2553 L
231 2492 366 2556 Domitio
392 2493 496 2554 Gallia
541 2493 694 2571 Philippus
722 2505 752 2554 et
780 2495 870 2554 Cotta
897 2494 1010 2570 privato
1038 2497 1162 2556 consilio

138 2595 155 2650 6
171 2601 399 2668 praetereuntur,
416 2609 513 2666 neque
534 2609 635 2650 eorum
655 2597 749 2650 sortes
767 2589 940 2650 deiciuntur.
985 2595 1022 2651 In
1035 2593 1162 2668 reliquas

170 2687 334 2764 provincias
362 2697 511 2764 praetores
539 2686 702 2748 mittuntur.
746 2688 854 2763 Neque
877 2698 1058 2764 exspectant,
1080 2688 1162 2763 quod

172 2781 367 2859 superioribus
395 2781 480 2841 annis
512 2783 669 2855 acciderat,
697 2792 729 2842 ut
761 2783 800 2842 de
831 2802 934 2842 eorum
966 2782 1089 2859 imperio
1123 2784 1162 2842 ad

172 2879 315 2956 populum
330 2878 446 2950 feratur,
461 2878 652 2954 paludatique
665 2877 743 2937 votis
756 2877 934 2954 nuncupatis
948 2890 1065 2951 exeunt,
1081 2880 1162 2955 quod

141 2994 156 3052 7
172 2986 240 3035 ante
259 2972 291 3034 id
310 2983 429 3050 tempus
449 2973 555 3033 accidit
576 2993 745 3050 numquam.
788 2975 935 3036 Consules
955 2994 993 3034 ex
1010 2977 1082 3035 urbe
1098 2995 1163 3052 pro

172 3070 347 3141 ficiscuntur,
367 3070 545 3146 lictoresque
563 3070 675 3131 habent
693 3070 725 3128 in
746 3072 818 3130 urbe
839 3081 869 3130 et
890 3069 1040 3146 Capitolio
1059 3070 1163 3147 privati

141 3172 275 3226 8c0ntra
306 3165 408 3225 omnia
440 3165 593 3226 vetustatis
625 3167 767 3242 exempla
818 3169 897 3224 Tota
924 3166 1011 3225 Italia
1038 3167 1162 3227 dilectus

173 3263 326 3332 habentur,
355 3280 436 3320 arma
466 3261 654 3336 imperantur,
683 3260 828 3336 pecuniae
853 3279 873 3318 a
904 3259 1072 3336 municipiis
1106 3261 1163 3321 exi-

175 3367 287 3432 guntur,
308 3373 324 3412 e
350 3355 426 3413 fanis
453 3357 601 3431 tolluntur,
632 3355 732 3416 omnia
758 3355 860 3416 divina
886 3356 1075 3431 humanaque
1100 3356 1163 3416 iura

175 3448 392 3526 permiscentur.
