2625 3834
383 200 523 259 ,urar
571 200 662 260 can
693 197 913 257 >rx-XXIV.
1105 214 1140 270 13
1195 263 1198 268 ,

148 353 259 432 legium
287 353 462 431 pontificum
490 363 619 425 venerat,
645 352 729 428 quod
754 348 937 428 provinciam
965 347 1143 426 Hispaniam

149 470 187 512 ex
200 461 334 528 praetura
348 449 499 520 habuerat,
514 448 596 524 quod
614 445 806 523 inpetitione
820 447 990 507 consulatus
1003 456 1065 505 erat
1078 445 1144 505 sub

149 548 270 607 levatus.
313 545 406 607 Cuius
421 543 585 604 orationem
601 545 711 605 Caesar
727 542 913 619 interpellat:
934 560 1042 602 senon
1055 543 1144 602 male-
1159 560 1174 619 5

149 643 208 702 ficii
229 662 318 704 causa
337 661 374 702 ex
394 639 547 718 provincia
565 659 725 718 egressum,
741 640 794 699 sed
812 639 857 698 uti
873 659 905 700 se
923 659 943 698 a
958 636 1143 699 contumeliis

150 739 337 800 inimicorum
365 739 545 809 defenderet,
574 748 608 797 ut
634 735 770 796 tribunos
796 735 892 813 plebis
918 735 950 794 in
979 755 1016 796 ea
1045 755 1077 795 re
1108 754 1145 796 ex

150 837 268 898 civitate
295 838 433 914 expulsos
457 835 489 895 in
512 855 597 895 suam
617 833 794 911 dignitatem
815 833 988 906 restitueret,
1008 843 1042 894 ut
1062 852 1094 894 se
1113 845 1144 894 et

150 935 293 1011 populum
310 935 480 992 Romanum
500 932 630 991 factione
648 949 813 1008 paucorum
827 949 1002 1008 oppressum
1015 929 1047 988 in
1060 929 1143 990 liber-
1158 989 1171 1006 ⁸

150 1041 242 1090 tatem
261 1030 430 1090 vindicaret.
474 1028 566 1090 Cuius
583 1028 717 1090 oratione
736 1030 926 1089 confirmatus
944 1029 1097 1101 Lentulus,
1112 1033 1175 1088 ut6

150 1127 182 1186 in
204 1127 349 1204 oppidum
372 1124 477 1188 reverti
500 1125 595 1199 liceat,
617 1125 713 1203 petit:
739 1127 821 1202 quod
843 1126 882 1186 de
904 1145 957 1185 sua
978 1127 1072 1192 salute
1092 1125 1145 1185 im-

151 1223 315 1300 petraverit,
330 1225 393 1284 fore
414 1222 503 1284 etiam
523 1222 643 1300 reliquis
663 1224 703 1283 ad
722 1243 807 1283 suam
826 1242 910 1300 spem
924 1221 1048 1298 solati03
1068 1223 1145 1283 adeo

151 1341 216 1381 esse
235 1323 402 1397 perterritos
423 1339 484 1380 non
506 1322 613 1391 nullos,
629 1332 663 1380 ut
683 1340 754 1381 suae
770 1319 849 1381 vitae
869 1319 970 1380 durius
990 1321 1145 1380 consulere

151 1429 302 1495 cogantur.
344 1419 436 1476 Facta
450 1427 597 1492 potestate
612 1416 747 1477 discedit.

211 1518 333 1574 XXIII.
375 1517 493 1589 Caesar,
522 1514 574 1574 ubi
601 1515 683 1587 luxit,
713 1535 817 1577 omnes
848 1524 999 1575 senatores
1030 1524 1174 1575 senator

151 1631 276 1688 rumque
296 1611 413 1685 liberos,
436 1611 571 1671 tribunos
591 1611 718 1670 militum
739 1611 912 1687 equitesque
933 1613 1087 1672 Romanos
1106 1612 1146 1672 ad

152 1728 184 1768 se
217 1707 342 1785 produci
373 1707 462 1768 iubet.
515 1710 607 1767 Erant
639 1707 771 1784 quinque
797 1706 910 1768 ordinis
936 1710 1081 1779 senatorii,
1110 1709 1176 1766 La

154 1804 311 1878 Domitius,
334 1808 367 1864 P.
389 1807 534 1866 Lentulus
555 1805 704 1881 Spinther,
724 1808 758 1864 L.
782 1803 930 1865 Caecilius
952 1807 1055 1877 Rufus,
1077 1807 1143 1865 Sex.

153 1901 314 1978 Quintilius
341 1901 438 1961 Varus
468 1912 616 1978 quaestor,
646 1903 680 1960 L.
710 1901 859 1978 Rubrius3
891 1889 1043 1978 praeterea
1068 1901 1145 1961 filius

154 1997 278 2058 Domitii
297 1998 405 2074 aliique
424 2002 591 2076 complures
605 2001 812 2061 adulescentes
826 2012 856 2061 et
870 2020 993 2078 magnus
1006 2019 1145 2060 numems

153 2093 285 2170 equitum
310 2097 516 2154 Romanorum
540 2106 570 2156 et
594 2095 796 2169 decurionum,
816 2117 893 2174 quos
917 2117 954 2158 ex
977 2095 1145 2173 municipiis

154 2189 303 2252 Domitius
321 2199 502 2250 evocaverat.
547 2195 615 2252 Hos
634 2212 738 2253 omnes
752 2194 914 2269 productos
927 2213 946 2253 a
959 2192 1145 2254 contumeliis
1160 2213 1177 2269 3

153 2285 280 2346 militum
300 2285 501 2362 conviciisque
525 2287 680 2364 prohibet;
707 2307 805 2365 pauca
827 2291 908 2366 apud
932 2308 984 2350 eos
1008 2288 1144 2365 loquitur,

153 2382 234 2458 quod
249 2380 305 2440 sibi
319 2401 338 2439 a
351 2392 435 2458 parte
449 2400 552 2442 eorum
565 2383 658 2458 gratia
670 2386 762 2444 relata
775 2403 838 2444 non
852 2385 890 2444 sit
905 2404 960 2462 pro
973 2385 1035 2444 suis
1047 2383 1078 2443 in
1092 2403 1145 2444 eos

153 2477 287 2537 maximis
315 2477 464 2537 beneficiis
475 2499 483 2551 ;
518 2477 638 2538 dimittit
666 2498 772 2540 omnes
799 2479 971 2542 incolumes.
1028 2497 1067 2540 us
1095 2498 1178 2554 ux,4

153 2575 235 2649 quod
262 2574 418 2633 advexerat
445 2572 596 2632 Domitius
625 2585 716 2650 atque
742 2575 774 2634 in
805 2575 928 2652 publico
958 2578 1145 2653 deposuerat,

153 2670 273 2728 allatum
300 2669 340 2727 ad
367 2687 400 2727 se
426 2670 465 2727 ab
493 2667 587 2727 nviris
614 2669 847 2730 Corfiniensibus
880 2670 1014 2732 Domitio
1039 2671 1145 2744 reddit,

153 2783 192 2824 ne
212 2762 413 2824 continentior
433 2762 464 2822 in
484 2761 545 2823 vita
565 2764 720 2824 hominum
741 2783 832 2842 quam
856 2764 888 2826 in
911 2765 1039 2841 pecunia
1057 2763 1146 2827 ruisse

152 2858 295 2931 videatur,
307 2857 362 2918 etsi
375 2878 442 2918 eam
452 2858 610 2935 pecuniam
623 2858 774 2935 publicam
788 2879 853 2920 esse
867 2863 1022 2920 constabat
1035 2861 1146 2920 datam·

154 2974 212 3032 que
232 2974 251 3013 a
271 2953 415 3030 Pompeio
435 2953 467 3013 in
486 2953 674 3030 stipendium.
718 2953 829 3014 Milites
848 2954 1036 3016 Domitianos
1054 2974 1176 3033 sacra-5

154 3061 287 3112 mentum
307 3050 388 3126 apud
408 3069 441 3110 se
463 3048 561 3112 dicere
583 3050 666 3110 iubet
687 3062 777 3127 atque
799 3070 837 3111 eo
860 3051 908 3111 die
929 3063 1024 3112 castra
1045 3062 1145 3112 movet

154 3149 322 3224 iustumque
339 3147 393 3207 iter
409 3145 530 3206 conficit
547 3164 591 3206 vu
612 3146 736 3207 omnino
754 3146 819 3207 dies
832 3148 870 3207 ad
886 3148 1049 3208 Corfinium
1063 3167 1143 3206 com·

155 3254 292 3312 moratus,
309 3253 340 3302 et
356 3261 408 3319 per
426 3244 501 3302 fines
520 3242 763 3316 Marrucinorum,
785 3245 1008 3316 Frentanorum,
1028 3243 1143 3302 Larina-

155 3340 226 3400 tium
241 3339 272 3397 in
286 3337 425 3414 Apuliam
439 3338 578 3413 pervenit.

215 3437 329 3494 XXIV.
373 3434 533 3510 Pompeius
557 3434 603 3494 his
627 3435 714 3494 rebus
738 3434 872 3511 cognitis,
896 3453 972 3510 quae
995 3444 1078 3492 erant
1104 3435 1173 3492 adr
