2625 3834
170 245 208 298 42
450 224 516 282 DE
544 223 694 282 BELLO
724 223 868 281 CIVJLI

169 377 267 435 hortes
288 374 443 451 relinquit;
472 377 544 434 hora
558 377 586 433 'x
607 373 746 448 subsequi
770 375 966 449 pabulatoreS,
988 374 1160 450 equitesque

167 473 296 532 revocari
316 472 404 533 iubet
449 471 591 534 Celeriter
611 469 758 547 equitatus
779 472 818 531 ad
842 471 1025 531 cotidianum
1049 472 1160 532 itineris

134 587 150 647 5
167 569 296 628 officium
309 567 466 628 revertitur.
505 571 655 644 Pugnatur
669 567 774 627 acriter
783 569 822 628 ad
835 567 1028 628 novissimum
1042 587 1158 645 agmen,

167 668 243 727 adeo
257 677 289 726 ut
302 686 399 743 paene
413 677 493 742 terga
507 675 681 725 convertant
695 667 919 741 compluresque
938 663 1053 737 milites,
1069 663 1159 724 etiarn

166 782 227 822 non
247 762 319 821 nulli
337 761 532 834 centuriones
547 760 767 820 interficiuntur.
810 763 944 820 Instabat
960 779 1066 836 agmen
1087 762 1159 821 Cae-

167 859 237 919 saris
251 869 341 935 atque
354 858 522 918 universum
537 857 719 917 imminebat.

137 976 149 1014 1
227 958 366 1015 LXXXI.
409 959 488 1014 Tum
509 975 578 1017 vero
600 975 696 1032 neque
721 957 759 1015 ad
784 957 998 1032 explorandum
1017 956 1158 1016 idoneum

167 1054 266 1112 locum
288 1051 388 1112 castris
410 1071 507 1126 neque
526 1054 564 1111 ad
584 1051 833 1129 progrediendum
850 1053 920 1111 data
937 1053 1076 1112 facultate
1089 1071 1159 1112 con·

167 1149 273 1208 sistunt
295 1149 460 1209 necessario
482 1161 511 1209 et
530 1151 633 1226 procul
649 1153 689 1208 ab
706 1169 784 1224 aqua
800 1160 829 1209 et
848 1160 952 1208 natura
969 1148 1072 1224 iniquo
1092 1151 1159 1208 loco

136 1259 261 1306 acastra
281 1258 405 1324 ponunt.
449 1249 507 1307 Sed
532 1247 626 1306 isdem
652 1247 691 1306 de
715 1245 811 1305 causis
836 1249 953 1317 Caesar,
974 1265 1051 1321 quae
1073 1264 1159 1321 supra

171 1355 240 1402 sunt
260 1344 484 1412 demonstratae,
502 1337 616 1417 proelio
637 1339 763 1415 arrrplius
783 1359 845 1399 non
866 1339 981 1400 lacessit
1000 1351 1030 1400 et
1050 1360 1087 1401 eo
1107 1342 1156 1400 die

171 1441 358 1502 tabernacula
371 1438 459 1498 statui
469 1457 571 1515 passus
586 1456 647 1496 non
657 1447 710 1509 est,
721 1456 781 1513 quo
791 1436 949 1513 paratiores
959 1448 1056 1496 essent
1067 1439 1106 1496 ad
1116 1436 1157 1495 in-

140 1557 156 1612 3
172 1536 354 1612 sequendum
369 1553 480 1608 omnes,
495 1534 555 1593 sive
566 1546 656 1594 noctu
671 1533 732 1594 sive
742 1533 868 1593 interdiu
879 1545 1073 1610 erumperent.
1109 1533 1157 1592 Illi

172 1632 375 1691 animadverso
399 1630 471 1690 vitio
494 1642 654 1690 castrorum
684 1641 746 1689 tota
769 1640 858 1688 nocte
885 1629 1062 1689 munitiones
1089 1649 1156 1706 pro·

172 1729 267 1789 ferunt
280 1740 433 1803 castraque
445 1726 546 1785 castris
565 1737 746 1785 convertunt.
791 1727 862 1784 Hoc
877 1723 957 1785 idem
976 1735 1095 1802 postero
1109 1725 1157 1783 die

172 1823 303 1900 aprima
323 1825 390 1882 luce
408 1822 519 1882 faciunt
540 1833 694 1897 totumque
713 1824 744 1881 in
763 1841 799 1882 ea
819 1841 850 1882 re
871 1822 951 1881 diem
969 1831 1155 1881 consumunt.

169 1915 226 1975 Sed
240 1924 384 1990 quantum
398 1932 487 1989 opere
502 1921 704 1988 processerant
718 1921 747 1970 et
762 1921 856 1969 castra
872 1911 1061 1986 protulerant,
1077 1923 1160 1972 tanto

169 2014 291 2070 aberant
310 2012 347 2068 ab
361 2029 440 2086 aqua
453 2011 577 2086 longius,
594 2020 623 2067 et
638 2007 786 2084 praesenti
801 2008 880 2066 malo
893 2005 957 2065 aliis
972 2007 1055 2065 malis
1068 2027 1159 2068 reme

137 2107 219 2180 4dia
238 2107 390 2166 dabantur.
436 2106 533 2164 Prima
552 2116 640 2165 nocte
658 2103 788 2180 aquandi
802 2123 892 2162 causa
910 2123 1000 2163 nemo
1014 2103 1161 2181 egreditur

170 2223 206 2262 ex
219 2202 338 2276 castris3
358 2202 491 2278 proximo
510 2201 558 2261 die
572 2201 720 2277 praesidio
733 2201 765 2259 in
779 2199 881 2258 castris
895 2202 997 2260 relicto
1010 2201 1160 2260 universas

136 2317 151 2376 5
168 2301 207 2358 ad
221 2317 329 2374 aquarn
349 2297 450 2374 copias
464 2299 602 2368 educunt,
618 2295 790 2375 pabulatum
805 2296 947 2356 emittitur
959 2317 1057 2357 nemo.
1101 2298 1160 2356 His

169 2415 220 2456 eos
248 2393 397 2471 suppliciis
425 2396 503 2455 male
529 2393 630 2453 haberi
656 2395 765 2454 Caesar
789 2404 818 2453 et
843 2394 1038 2453 necessariam
1063 2393 1160 2453 subire

169 2491 351 2552 deditionem
385 2511 474 2567 quam
509 2489 623 2567 proelio
656 2491 807 2550 decertare
841 2491 977 2548 malebat.
1028 2492 1161 2550 Conatur

169 2600 269 2649 tamen
290 2607 341 2648 eos
362 2589 439 2646 vallo
460 2587 597 2661 fossaque
618 2585 852 2657 circummunire,
871 2595 904 2645 ut
924 2605 1013 2661 quam
1033 2585 1160 2646 maxime

169 2685 336 2763 repentinas
364 2704 466 2744 eorum
495 2683 664 2759 eruptiones
692 2684 879 2758 demoretur3
907 2703 967 2759 quo
994 2684 1160 2744 necessario

137 2784 363 2842 6descensuros
384 2781 576 2841 existimabat.
620 2779 669 2838 illi
689 2791 720 2840 et
739 2780 840 2857 inopia
861 2780 963 2858 pabuli
984 2781 1114 2853 adducti,
1129 2793 1159 2840 et

170 2895 230 2952 quo
252 2889 349 2936 essent
370 2879 408 2935 ad
429 2879 486 2935 iter
504 2877 707 2951 expeditiores
729 2876 830 2934 omnia
851 2876 1008 2935 sarcinaria
1028 2877 1160 2938 iumenta

169 2973 293 3032 interfici
307 2972 417 3032 iubent.

140 3090 154 3130 1
231 3069 389 3127 LXXXII.
432 3070 469 3126 In
492 3068 537 3127 his
562 3070 700 3144 operibus
723 3068 912 3145 consiliisque
940 3069 1064 3128 biduum
1091 3092 1161 3130 con-

171 3163 312 3236 sumitur;
339 3164 425 3223 tertio
450 3164 499 3223 die
519 3183 626 3240 magna
645 3162 704 3222 iam
725 3183 792 3240 pars
816 3164 913 3240 operis
938 3166 1072 3225 Caesaris
1094 3187 1161 3244 pro

171 3269 306 3320 cesserat.
350 3259 398 3318 Illi
418 3259 627 3335 impediendae
646 3259 776 3336 reliquae
794 3260 966 3320 munitionis
982 3281 1071 3321 causa
1088 3265 1162 3324 hora

171 3354 284 3413 circiter
314 3370 348 3412 rx
379 3353 464 3429 signo
496 3355 567 3413 dato
593 3355 724 3432 legiones
755 3355 885 3414 educunt
918 3356 1072 3433 aciemque
1104 3363 1160 3420 sub

142 3469 156 3505 2
172 3449 273 3506 castris
293 3448 447 3506 instruunt.
490 3451 599 3510 Caesar
619 3450 657 3509 ab
678 3469 768 3526 opere
785 3451 915 3528 legiones
936 3465 1062 3526 revocat,
1080 3457 1161 3532 equi-
