2625 3834
387 967 429 1043 C.
469 967 586 1040 IULI
627 964 896 1040 CAESARIS

287 1185 388 1298 ou
446 1205 694 1298 Burro
749 1204 988 1300 crvier

175 1371 182 1384 ·
452 1455 595 1519 LIBER
627 1452 817 1518 PRIMUS.

193 1680 219 1738 Ι.
263 1680 412 1737 erranrs
431 1697 449 1736 a
467 1676 544 1738 Gaio
559 1679 688 1737 Caesare
705 1676 877 1739 consulibus
895 1674 1028 1750 redditis,
1043 1695 1128 1754 aegre
1145 1697 1159 1736 r

129 1777 170 1834 ab
181 1774 228 1834 his
239 1777 427 1850 impetratum
441 1784 486 1838 est
499 1793 615 1850 summa
626 1773 810 1834 tribunorum
821 1771 917 1850 plebis
927 1773 1128 1849 contentione,

128 1883 162 1930 ut
191 1871 223 1930 in
246 1880 350 1930 senatu
371 1869 579 1944 recitarentur3
606 1881 639 1947 ut
659 1889 730 1930 vero
751 1888 788 1929 ex
808 1867 911 1929 litteris
931 1869 971 1930 ad
995 1879 1128 1930 senatum

128 1970 296 2039 referretur,
317 1965 465 2044 impetrari
485 1986 547 2027 non
567 1966 673 2044 potuit
716 1969 862 2026 Referunt
882 1969 1019 2028 consules
1039 1968 1078 2028 de
1098 1987 1130 2028 re
1146 1989 1160 2026 2

126 2066 253 2142 publica
281 2062 323 2144 [in
351 2062 488 2144 civitate}
533 2067 566 2123 L.
589 2066 734 2125 Lentulus
761 2067 867 2126 consul
891 2067 1004 2125 senatui
1028 2065 1129 2142 reique

124 2161 271 2238 publicae
285 2179 317 2220 se
332 2162 393 2219 non
408 2160 574 2220 defuturum
589 2159 753 2236 pollicetur,
769 2161 794 2222 si
815 2162 957 2222 audacter
970 2181 1006 2220 ac
1019 2161 1131 2222 fortiter

124 2257 296 2318 sententias
309 2256 407 2316 dicere
421 2256 513 2316 velint
521 2275 531 2330 3
552 2255 597 2314 sin
612 2257 770 2317 Caesarem
786 2251 947 2332 respiciant
963 2267 1053 2333 atque
1067 2257 1130 2317 eius
1144 2278 1162 2334 3

123 2356 257 2434 gratiam
281 2364 448 2430 sequantur,
471 2363 504 2412 ut
524 2352 722 2429 superioribus
742 2354 865 2414 fecerint
885 2353 1076 2431 temporibus,
1098 2373 1130 2414 se

124 2454 183 2514 sibi
198 2451 358 2512 consilium
373 2461 526 2527 capturum
546 2470 643 2527 neque
657 2462 776 2510 senatus
794 2451 961 2512 auctoritati
978 2453 1130 2528 obtempe-

124 2563 281 2624 raturum,
314 2549 423 2608 habere
451 2567 483 2608 se
510 2566 631 2624 quoque
658 2548 698 2607 ad
725 2547 860 2610 Caesaris
887 2547 1010 2625 gratiam
1041 2557 1130 2624 atque

123 2645 291 2709 amicitiam
301 2655 460 2722 receptum.
498 2646 536 2703 In
546 2647 673 2705 eandem
684 2644 861 2705 sententiam
873 2645 1003 2722 loquitur
1013 2643 1127 2721 Scipio:
1140 2663 1158 2717 4

125 2741 277 2820 Pompeio
291 2759 356 2800 esse
369 2739 400 2798 in
414 2740 515 2799 animo
533 2739 576 2799 rei
596 2736 735 2816 publicae
754 2759 815 2799 non
834 2741 949 2813 deesse,
965 2739 989 2800 si
1008 2751 1127 2800 senatus

124 2849 289 2916 sequatur,
316 2835 340 2895 si
361 2847 516 2896 cunctetur
536 2847 626 2912 atque
648 2846 716 2912 agat
735 2835 840 2909 lenius,
861 2837 1043 2914 nequiquam
1064 2837 1128 2897 eius

124 2936 282 3009 auxilium,
300 2936 323 2994 si
338 2944 443 3011 postea
455 2935 534 3006 velit,
550 2943 687 2994 senatum
701 2932 932 3011 imploraturum.

191 3034 235 3091 II.
278 3034 365 3090 Haec
379 3029 525 3108 Scipionis
543 3030 646 3102 orati0,
663 3032 744 3107 quod
766 3042 885 3091 senatus
903 3031 934 3091 in
953 3033 1026 3092 urbe
1039 3033 1128 3093 habe·
1145 3053 1157 3091 1

124 3129 218 3187 batur
245 3127 465 3204 Pompeiusque
497 3127 607 3199 aderat,
636 3145 674 3186 ex
699 3125 791 3204 ipsius
818 3145 870 3187 ore
898 3127 1023 3206 Pompei
1050 3128 1125 3189 mitti

123 3223 293 3283 videbatur.
336 3222 457 3282 Dixerat
477 3221 582 3298 aliquis
603 3220 747 3282 leniorem
771 3221 957 3298 sententiam,
979 3235 1011 3284 ut
1031 3223 1159 3301 primoa

126 3320 174 3376 M.
201 3319 367 3390 Marcellus,
389 3319 535 3395 ingressus
559 3319 591 3377 in
616 3336 683 3377 eam
708 3319 880 3390 orationem,
907 3338 967 3379 non
991 3331 1127 3395 oportere

124 3421 202 3472 ante
221 3414 258 3471 de
277 3433 312 3473 ea
330 3432 361 3474 re
375 3414 414 3474 ad
432 3424 568 3473 senatum
587 3411 694 3485 referri,
710 3433 799 3489 quarn
817 3413 943 3472 dilectus
960 3423 1024 3472 tota
1041 3413 1127 3474 Italia

214 3548 278 3590 BEL·
294 3551 354 3592 CIV.
372 3552 389 3590 1.
1029 3547 1043 3588 1
